2154 3403
1015 90 1072 133 29

161 248 207 291 in
242 244 372 289 Phot.
408 243 519 288 bibl.
554 242 655 287 cod.
698 244 786 287 239
827 260 868 299 p.
910 243 1028 286 3213
1071 243 1122 286 17
1154 244 1223 283 καὶ
1260 243 1305 283 τὰ
1354 244 1601 296 ἔπιθαλάμια
1642 245 1685 284 δὲ
1726 250 1805 290 τοῖς
1840 247 1926 298 ἄρτι

160 317 512 370 ’θαλαμευομένοις
543 315 607 355 ἐπὶ
636 321 695 368 τῴ
727 315 909 367 Ιθαλάμῳ
940 314 1099 367 ᾖδονῐ),

279 387 434 443 Quam
467 384 529 429 ob
563 402 654 429 rem
690 386 912 428 Musaeus
947 384 1150 428 Heronis
1180 391 1223 427 et
1246 383 1437 427 Leandri
1461 384 1720 429 describens
1744 388 1925 442 nuptias

162 457 461 506 clandestinas
484 455 592 500 haec
616 455 722 500 facit
744 455 879 500 verba
905 456 1056 510 (274)
1087 456 1138 509 ἦν
1167 457 1310 508 γάμος,
1333 456 1418 495 ἀλλ’
1446 457 1666 509 ἀχόρευτος
1684 472 1689 477 ·
1710 459 1779 510 ἔην
1801 459 1927 511 λέχος,

161 531 244 570 ἀλλ’
271 531 363 581 ἄτερ
385 530 538 581 ὕμνων.
589 526 850 572 Secundum
875 525 1107 570 Pollucem
1132 527 1197 570 ΠΙ
1221 527 1277 569 42
1311 533 1536 582 praeterea
1570 529 1724 583 sponsi
1759 530 1927 573 amicus

161 601 233 644 cui
265 616 433 643 nornen
466 605 558 642 erat
594 599 848 652 ’θὐριυρόςῖ),
890 603 974 643 ταῖς
1010 599 1159 650 θύραις
1196 599 1433 651 ἕῳεοτηκ(ὶ)ς
1471 600 1587 651 εἴργει
1630 600 1699 644 τὰς
1737 605 1929 651 γυναῖκας

160 679 207 726 τῇ
228 673 372 725 νύμφῃ
395 672 538 724 βοώσῃ
562 671 742 724 βοηθεῖν.
790 668 937 712 Aliud
961 669 1274 713 testimonium
1299 669 1500 725 coniugii
1520 670 1599 713 rite
1618 668 1721 713 facti
1746 671 1929 726 praebet

161 741 379 799 amphora
399 741 641 785 Tarentina
660 740 826 784 summi
849 739 1106 795 splendoris
1126 756 1264 797 quam
1284 738 1552 784 Gerhardus
1572 740 1736 797 (Apul.
1757 743 1929 785 Vasen-

161 812 310 857 bilder
340 812 431 857 tab.
471 813 521 856 15
556 837 598 842 -
633 810 904 862 Brueckner,
938 810 1048 855 Ath.
1080 812 1148 854 M.
1175 811 1228 854 32
1248 818 1275 854 t.
1302 811 1368 865 —-)
1393 809 1645 867 publicavit
1667 811 1746 855 sed
1771 829 1929 868 parum

161 891 275 928 recte
299 882 529 940 explicuit.
574 884 756 926 Pannus
775 896 911 938 quem
934 880 1093 925 ancilla
1112 880 1228 925 lecto
1252 882 1449 937 imponit
1466 889 1508 925 et
1528 881 1661 925 Hebe
1687 883 1856 939 (agitur
1874 883 1929 926 de

163 954 321 999 Hebes
362 954 535 1011 nuptiis
578 961 620 998 et
667 952 901 1007 Herculis)
947 960 1037 996 tam
1084 951 1323 1007 diligenter
1366 953 1568 996 intuetur
1612 952 1734 996 haud
1782 962 1931 1010 potest

163 1043 256 1071 esse
292 1026 440 1082 quivis
481 1042 673 1082 pannus,
717 1038 850 1081 quem
893 1023 1006 1080 quid
1051 1023 1137 1067 hoc
1180 1022 1284 1067 loco
1318 1022 1405 1067 sibi
1438 1023 1634 1068 voluerit
1675 1024 1930 1081 intellegere

161 1112 354 1154 nequeo.
419 1097 484 1140 At
516 1095 630 1140 clara
662 1095 714 1140 fit
745 1096 932 1152 pictura,
967 1096 1002 1139 si
1037 1095 1325 1139 meminimus
1359 1094 1604 1151 permultas
1628 1095 1753 1151 apud
1777 1103 1931 1152 gentes

161 1186 333 1213 morem
367 1185 461 1212 esse
502 1168 767 1224 coniugium
807 1168 887 1210 rite
926 1167 1089 1210 initum
1128 1183 1283 1222 panno
1324 1165 1588 1209 confirmare
1628 1174 1814 1210 cruento
1854 1168 1932 1223 qui

162 1239 419 1284 ostenditur
451 1239 617 1283 amicis.
683 1239 838 1294 Quem
878 1254 1080 1294 pannum
1121 1236 1335 1281 artificem
1369 1236 1569 1280 voluisse
1603 1237 1815 1282 exhibere
1850 1255 1931 1295 pro

163 1318 283 1355 certo
317 1309 480 1361 habeo,
515 1326 615 1353 cum
651 1309 831 1366 punctis
865 1309 921 1352 sit
961 1309 1151 1364 insignis
1192 1307 1342 1351 fuscis.
1410 1307 1667 1352 Brueckner
1706 1309 1932 1353 eiusmodi

163 1398 365 1438 pannum
414 1380 484 1425 vel
533 1396 775 1437 agnoscere
823 1378 922 1424 vult
968 1380 1013 1423 in
1062 1396 1198 1422 manu
1249 1378 1456 1429 feminae,
1506 1392 1620 1434 quae
1668 1380 1714 1423 in
1762 1380 1932 1436 pyxide

163 1453 276 1508 (tab.
311 1454 357 1496 V
394 1453 439 1507 l)
474 1468 609 1508 supra
643 1458 888 1495 memorata
920 1450 1065 1494 tribus
1100 1451 1204 1494 viris
1246 1449 1485 1506 diligenter
1524 1451 1808 1495 intuentibus
1844 1468 1929 1494 rem

162 1522 343 1569 videtur
377 1522 629 1567 ostendere.

282 1594 305 1650 ξ
343 1595 407 1638 12.
472 1592 780 1638 Vasculorum
813 1600 1058 1650 postquam
1092 1591 1359 1649 perlustravi
1401 1593 1576 1637 diversa
1617 1610 1778 1649 genera
1819 1607 1932 1649 quae

163 1666 209 1718 in
242 1666 504 1722 nuptiarum
537 1671 771 1710 versantur
803 1663 980 1715 ritibus,
1015 1671 1148 1707 restat
1179 1672 1228 1707 ut
1261 1663 1407 1707 dicam
1442 1663 1497 1708 de
1531 1672 1644 1720 typo
1679 1665 1757 1720 qui
1791 1672 1856 1708 est
1888 1665 1931 1707 in

164 1736 299 1781 donis
333 1737 514 1793 sponsis
547 1735 713 1780 oblatis
747 1734 981 1792 postridie.

282 1807 506 1852 Deubner
558 1807 604 1851 in
659 1807 1040 1851 commentatione
1094 1806 1326 1862 inscripta:
1387 1805 1607 1862 „Epaulia
1661 1823 1703 1850 u.
1752 1805 1933 1850 Anaka:

164 1878 428 1936 lypteria“3)
468 1877 548 1922 has
581 1894 649 1922 res
683 1894 893 1934 separans
927 1876 1034 1921 haec
1069 1876 1191 1920 dona
1236 1894 1330 1920 esse
1371 1876 1545 1921 dixerat
1584 1891 1698 1933 quae
1737 1894 1933 1933 sponsus

164 1950 329 2007 virgini
362 1949 501 2001 daret,
536 1965 638 1993 cum
673 1965 780 1993 cena
814 1948 941 1992 finita
974 1948 1018 1992 in
1054 1949 1192 2004 patris
1226 1947 1368 1991 domo
1403 1947 1696 1992 develaretur.
1762 1950 1935 1992 Monu-

163 2028 313 2066 menta
347 2028 498 2065 autem
521 2019 812 2065 deductionis
837 2036 1012 2076 semper
1041 2019 1176 2063 nobis
1205 2019 1452 2075 praebuere
1476 2036 1690 2075 sponsam
1715 2018 1934 2064 velamine

165 2091 391 2137 obtectam
426 2090 554 2149 quod
587 2092 633 2135 in
667 2090 868 2136 thalamo
902 2090 1086 2135 demum
1122 2090 1276 2134 demit.
1342 2092 1616 2143 Ἀνακάλιψις
1656 2091 1792 2146 igitur
1831 2097 1936 2146 post

166 2180 320 2208 cenam
353 2179 455 2207 cum
493 2162 619 2207 haud
660 2162 716 2206 sit
754 2161 1007 2212 statuenda,
1056 2163 1386 2215 ‹immitmwjpm
1434 2178 1527 2205 non
1568 2168 1762 2217 possunt
1800 2161 1934 2217 signi-

165 2233 296 2278 ficare
330 2232 453 2278 dona
487 2247 601 2290 quae
635 2232 716 2278 hac
751 2234 989 2277 occasione
1023 2232 1262 2277 donaverit
1286 2249 1496 2289 sponsus.
1554 2233 1607 2275 Et
1631 2232 1933 2288 Ha1pocratio

165 2312 297 2350 vocat
328 2306 659 2359 ἅνακαλυπτήρια
677 2318 684 2325 ·
705 2305 821 2357 δῶρα
856 2305 1049 2356 διδόμενα
1081 2309 1165 2349 ταῖς
1199 2305 1388 2357 ιἰᾒιιφαις,
1412 2305 1507 2344 ὅταν
1528 2304 1571 2343 τὸ
1595 2308 1759 2355 πρώϊον
1782 2304 1934 2342 ἀνακα-

164 2377 389 2418 λύπτωνται
431 2377 535 2417 ὥστε
575 2377 780 2430 ὁραθῆναι
819 2380 900 2421 τοῖς
941 2376 1145 2428 ᾰνὸράοιν.
1236 2376 1350 2418 Non
1393 2381 1772 2418 commemoratur
1814 2389 1933 2416 cena.

167 2448 323 2503 Quam
355 2445 679 2491 revelationem
711 2445 979 2490 sollemnem
1012 2445 1136 2489 haud
1160 2444 1257 2489 fieri
1287 2446 1490 2502 potuisse
1521 2452 1624 2501 post
1658 2445 1934 2494 convivium,

167 2518 212 2562 in
237 2535 333 2575 quo
356 2534 572 2574 persaepe
594 2516 815 2561 hilaritate
839 2516 979 2561 fuisse
1003 2524 1178 2561 constat
1201 2516 1460 2560 convivales
1484 2514 1790 2565 dissolutiore,
1810 2512 1934 2557 haud

166 2605 346 2633 necesse
369 2596 435 2633 est
457 2588 716 2639 admonere,
741 2596 784 2632 et
802 2588 1108 2645 Harpocratio
1133 2604 1235 2632 cum
1252 2587 1360 2631 haec
1385 2588 1713 2639 ἂνοκολυπτήρια
1737 2584 1807 2629 vel
1828 2587 1934 2625 θεώ-

165 2661 327 2715 ρετρα4)
366 2660 514 2704 statim
553 2659 672 2704 dicat
709 2660 907 2700 ἕπαύλαια
942 2660 1131 2713 (καλεῖται
1164 2660 1208 2700 δὲ
1239 2660 1340 2699 αὐτὰ
1373 2659 1440 2699 καὶ
1473 2657 1686 2710 &mmmm
1721 2672 1838 2712 quae
1871 2656 1935 2698 ni-

289 2789 316 2833 1)
343 2788 402 2825 Cf.
429 2792 541 2825 etiam
568 2788 675 2825 Pind.
704 2788 811 2834 Pyth.
845 2790 896 2824 III
931 2788 990 2824 19:
1030 2787 1114 2821 οὗδὲ
1145 2787 1360 2831 παλιιφώνων
1395 2786 1496 2829 ἰαχὰν
1534 2786 1709 2828 ἶῃιιειάίων
1734 2785 1853 2821 ἅλικες
1879 2784 1934 2816 οἷα

166 2847 337 2890 παρθένοι
365 2848 535 2891 φιλέοισιν
560 2848 692 2891 ἑταῖραι
719 2848 895 2891 ἑσπερίαις
924 2846 1202 2890 ὑποκουρίζεσθ’
1233 2847 1379 2883 ἀοιὸαΐς.

288 2907 317 2952 2)
344 2906 404 2944 Cf.
431 2910 542 2943 etiarn
570 2909 659 2944 Hes.
686 2920 713 2944 S.
740 2921 774 2944 v.
802 2907 821 2939 ὁ
845 2907 1082 2950 παράνυμφος
1110 2907 1129 2939 ὁ
1154 2906 1217 2949 τὴν
1243 2906 1358 2948 θύραν
1384 2909 1444 2938 τοῦ
1471 2904 1633 2946 θαλάμου
1660 2903 1798 2936 κλείων.

290 2967 318 3010 3)
344 2965 459 3002 Arch.
485 2965 616 3009 Jahrb.
648 2968 687 3002 15
716 2979 751 3012 p.
782 2968 848 3002 144
873 2979 953 3012 sqq⁷

289 3026 318 3070 4)
346 3026 465 3061 Etiam
491 3025 640 3068 ὀπτήρια
666 3025 827 3061 traditur
851 3039 939 3062 vox.
959 3024 1004 3061 cf.
1023 3027 1165 3061 Moeris
1188 3026 1302 3060 Attic.
1328 3036 1362 3069 p.
1383 3024 1450 3057 205
1470 3022 1557 3058 edit.
1583 3020 1758 3057 Bekkeri:
1786 3020 1934 3063 &magna

167 3083 326 3125 Ἀττικοί,
354 3084 643 3128 ἀνακαλυπτήρια
663 3085 838 3129 ’Έλληνες
