2154 3403
952 129 1229 193 ‚sslssw

211 280 301 324 Pal.
337 281 401 324 IX
434 280 536 336 544)
575 279 839 337 Tryphonis
877 282 1121 337 gemmarii.
1187 280 1334 338 Quod
1373 280 1564 337 protulit
1604 281 1803 326 Koehler
1841 282 1969 338 (Ges.

213 350 432 395 Schriften
471 350 667 403 vol.‚111
711 351 905 396 Petersb.
951 354 1055 397 1851
1100 369 1142 409 p.
1183 352 1285 407 201)
1332 351 1499 396 litteras
1545 352 1740 397 incisas
1786 353 1971 410 inscrip-

211 422 476 478 tionemque
522 438 679 479 supra
724 423 966 479 imaginem
1012 422 1283 479 insculptam
1329 421 1528 466 indicare
1572 421 1802 468 falsarium
1847 422 1972 467 haud

211 500 326 548 puto
380 491 598 537 sufficere.
669 493 840 537 Totum
893 510 1001 537 vero
1045 510 1162 549 opus
1212 510 1289 537 cur
1335 492 1587 537 tribuamus
1636 493 1816 538 saeculo
1863 495 1971 537 XVI

212 563 568 620 (cinquecento),
588 563 718 620 quod
743 565 986 620 proposuit
1004 563 1244 608 Michaelis
1264 564 1354 618 (Im
1372 581 1521 608 neuen
1541 564 1694 616 Reich,
1720 566 1837 621 Lips.
1861 565 1972 609 1878

211 632 301 678 vol.
328 635 344 677 Ι
376 650 418 690 p.
451 634 569 689 934),
609 651 702 678 non
744 633 977 678 habemus.
1053 635 1202 678 Vanni
1236 636 1585 690 repraesentatio
1625 636 1818 680 occurrit
1849 637 1974 680 raris-

213 705 322 748 sime
368 712 410 748 et
454 705 529 749 vix
578 704 821 749 credideris
866 704 985 749 illius
1034 706 1188 749 aetatis
1233 704 1446 749 artificem
1491 705 1612 750 hunc
1660 723 1794 751 nosse
1841 723 1973 750 usum

212 775 474 832 nuptialem.
531 777 584 820 Et
616 793 671 819 ne
706 793 847 819 unum
872 775 1060 833 quidem
1085 775 1324 820 Michaelis
1357 775 1506 820 attulit
1537 785 1854 834 argumentum
1878 794 1973 834 quo

214 846 499 890 confirmaret
521 847 785 891 sententiam
809 864 949 890 suam.
980 872 1022 877 —
1054 848 1119 890 Ex
1153 846 1226 890 illa
1250 847 1386 903 igitur
1408 864 1583 904 gemma
1612 855 1798 904 apparet
1823 864 1974 893 vanno

214 918 433 962 contineri
450 916 620 961 fructus
640 916 708 962 vel
729 917 966 974 paniculos
985 918 1064 974 qui
1084 916 1275 961 similem
1293 919 1339 961 in
1357 917 1549 962 modum
1568 926 1704 976 atque
1722 919 1767 962 in
1784 918 1975 963 coloniis

215 987 497 1032 deducendis
547 987 626 1032 ubi
673 988 967 1032 tradebantur
1013 988 1421 1044 proficiscentibus
1470 989 1725 1045 significant
1772 990 1979 1034 omnium

215 1076 331 1116 quae
365 1058 421 1102 ad
456 1060 625 1103 victum
655 1060 880 1115 pertinent
908 1058 1248 1103 abundantiam.
1304 1061 1458 1117 Quam
1492 1059 1553 1104 ob
1587 1077 1679 1104 rem
1712 1059 1979 1105 crediderim

214 1129 285 1175 vel
309 1129 425 1173 faces
449 1129 573 1174 haud
597 1129 745 1174 solum
770 1147 864 1174 esse
888 1129 1115 1174 adhibitas
1138 1129 1195 1174 ad
1220 1129 1573 1174 collustrandam
1596 1131 1715 1176 viam
1741 1130 1820 1175 sed
1846 1131 1978 1175 etiam

217 1209 265 1245 ut
309 1199 500 1245 similem
551 1201 597 1244 in
641 1199 833 1244 modum
878 1208 1014 1258 atque
1063 1201 1108 1244 in
1154 1200 1564 1258 demigrationibus
1608 1203 1760 1259 ignem
1805 1219 1827 1246 e
1872 1201 1978 1246 foco

216 1272 452 1328 demptum
492 1270 781 1315 transferrent
824 1272 869 1315 in
913 1289 1085 1316 novum
1132 1271 1429 1316 domicilium.
1501 1272 1659 1317 Solum
1703 1272 1790 1317 hoc
1835 1272 1978 1317 modo

218 1342 492 1387 lamblichus
526 1360 566 1386 v.
603 1341 731 1398 Pyth.
767 1359 800 1386 c.
840 1344 890 1387 18
924 1343 946 1398 §
980 1344 1035 1387 84
1075 1342 1154 1386 ubi
1197 1342 1253 1386 de
1293 1360 1487 1399 sponsae
1520 1344 1667 1401 agitur
1702 1342 1979 1388 deductione

216 1413 352 1458 verba
385 1413 537 1469 potuit
570 1411 804 1457 adhibere:
839 1415 907 1467 ἀῷ
943 1415 1101 1460 ἑστίας
1133 1416 1241 1467 ἄγειν
1273 1420 1453 1467 γυναῖκα.

335 1497 358 1552 §
381 1499 420 1541 6.
457 1495 717 1541 Secundum
742 1496 948 1541 ordinem
973 1513 1110 1553 quem
1141 1496 1389 1541 tenendum
1421 1498 1573 1542 censui
1604 1504 1859 1554 sequuntur
1884 1514 1980 1542 vas:

218 1567 315 1612 cula
340 1567 496 1624 figuris
524 1567 672 1611 rubris
696 1575 864 1612 ornata.
911 1568 1096 1612 Initium
1119 1567 1252 1612 faciat
1274 1567 1503 1625 exemplar
1525 1567 1655 1625 quod
1687 1567 1873 1625 praebet
1905 1567 1981 1612 de-

219 1638 482 1683 ductionem
515 1640 578 1679 ἕπὶ
611 1640 788 1692 ζεύγους.
852 1638 1184 1695 Furtwaengler
1218 1639 1330 1696 (Slg.
1367 1638 1626 1690 Sabouroff,
1660 1639 1750 1683 tab.
1786 1640 1863 1692 58)
1897 1656 1980 1695 pu-

220 1709 325 1754 blici
358 1709 463 1753 fecit
494 1710 602 1753 iuris
636 1708 957 1765 lutrophorum
990 1709 1147 1766 figuris
1181 1710 1327 1754 rubris
1361 1717 1570 1754 ornatum
1604 1710 1650 1753 in
1680 1727 1775 1767 quo
1797 1712 1982 1764 πάροχος

219 1797 357 1838 quem
389 1783 510 1834 χιτών
541 1781 651 1837 tegit
682 1783 868 1835 ποὸἡρης
900 1798 1037 1825 manu
1065 1788 1222 1825 tenens
1245 1783 1410 1834 κέντρον
1433 1788 1517 1825 stat
1540 1781 1585 1824 in
1610 1780 1835 1832 vehiculo,
1869 1780 1980 1825 dum

219 1859 359 1896 mater
391 1868 414 1895 a
447 1851 622 1895 sinistra
656 1850 797 1896 facem
830 1853 955 1908 gerit.
1022 1853 1226 1907 Sponsus
1262 1859 1411 1896 autem
1452 1852 1683 1909 quaeritur
1716 1859 1868 1896 utrum
1900 1852 1980 1895 im-

221 1930 363 1979 ponat
395 1923 543 1966 currui
578 1923 796 1979 virginem
830 1940 885 1966 an
920 1923 1082 1967 demat.
1139 1922 1364 1979 Equidem
1388 1930 1503 1979 puto
1527 1940 1548 1966 e
1573 1923 1981 1979 repraesentatione

220 1995 317 2051 ipsa
362 1992 485 2037 haud
532 2010 665 2049 posse
711 1993 862 2049 colligi
909 2001 1058 2038 utrum
1105 1993 1282 2050 depicta
1328 1994 1383 2037 sit
1422 1992 1645 2050 profectio
1679 1993 1891 2048 (Furtw.)
1926 2010 1980 2037 an

222 2072 504 2109 momentum
538 2081 633 2121 quo
667 2063 918 2108 adveniunt
950 2063 1141 2108 domum
1174 2065 1333 2109 mariti.
1399 2064 1636 2118 (Sticotti).
1701 2064 1982 2108 Testimonia

221 2136 467 2180 litterarum
491 2134 615 2178 haud
649 2151 732 2178 nos
767 2134 985 2179 adiuvant
1017 2134 1073 2178 ad
1097 2134 1211 2179 hanc
1235 2152 1327 2179 rem
1361 2134 1717 2179 diiudicandam.
1773 2133 1852 2178 Illa
1886 2151 1982 2178 sen-

221 2208 357 2251 tentia
383 2205 566 2250 fulcitur
589 2205 842 2262 fragmento
868 2205 1071 2249 Ararotis
1098 2207 1256 2250 comici
1287 2205 1442 2261 (Kock
1466 2205 1555 2250 vol.
1582 2207 1622 2249 II
1648 2222 1690 2262 p.
1715 2206 1799 2249 218
1823 2222 1883 2249 no
1907 2205 1981 2259 17)

223 2280 340 2323 ὅπως
372 2279 415 2318 (δὲ
446 2278 517 2330 τὴν
551 2279 725 2330 ν’ύιιιτχην,
758 2277 828 2317 ἐὰν
859 2278 881 2317 ὁ
914 2277 1055 2328 καιρὸς
1081 2277 1119 2330 ᾗ,
1146 2279 1354 2330 μετέωρον
1385 2278 1448 2318 ἐπὶ
1475 2277 1518 2317 τὸ
1548 2279 1689 2329 ζεῦγος
1721 2278 1984 2330 ἀναθήσεις

223 2351 376 2402 φέρων,
417 2355 459 2392 et
504 2364 586 2403 pro
632 2348 851 2391 sententia
900 2364 1037 2403 quam
1085 2348 1257 2402 profert
1306 2348 1481 2391 Sticotti
1531 2363 1777 2403 possumus
1825 2345 1981 2390 afferre

226 2421 598 2476 Neograecorum
633 2417 862 2475 quendam
897 2435 1067 2461 morem
1102 2419 1182 2474 qui
1215 2435 1429 2474 sponsam
1469 2417 1617 2461 solent
1648 2434 1783 2473 supra
1817 2416 1983 2461 domus

225 2490 360 2534 limen
396 2489 628 2546 portare¹).
693 2487 1039 2543 (Wachsmuth,
1081 2490 1176 2532 Das
1215 2488 1300 2532 alte
1346 2487 1685 2533 Griechenland
1731 2489 1791 2531 im
1837 2504 1983 2532 neuen

226 2579 268 2617 p.
303 2561 398 2613 97).
463 2561 559 2617 Qui
594 2576 692 2603 mos
726 2558 796 2604 vel
832 2561 1001 2603 Romae
1034 2559 1217 2615 vigebat
1250 2558 1327 2614 (cf.
1364 2558 1477 2603 Plut.
1515 2561 1644 2603 Rom.
1683 2560 1748 2609 16,
1784 2558 1903 2603 Serv.
1937 2558 1983 2602 in

226 2633 363 2688 Verg.
384 2630 461 2675 ecl.
482 2632 596 2675 VIII
615 2631 684 2680 29,
705 2632 867 2674 Lucan.
889 2629 1081 2674 Pharsal.
1098 2630 1259 2684 11358)
1280 2638 1322 2674 et
1339 2647 1361 2673 a
1382 2629 1623 2674 Plutarcho
1643 2632 1831 2687 Quaest.
1853 2631 1983 2673 Rom.

226 2704 282 2746 29
320 2701 440 2746 hunc
479 2703 525 2745 in
564 2700 755 2745 modum
801 2700 1067 2757 explicatur:
1122 2702 1194 2741 Διὰ
1238 2702 1274 2740 τί
1317 2702 1386 2754 τὴν
1434 2703 1697 2754 γαμουμένην
1743 2702 1819 2741 οὐκ
1866 2702 1986 2741 ἐῶσιν

226 2775 351 2826 αὐτὴν
382 2775 605 2827 ὑπερβῆναι
642 2773 710 2813 τὸν
742 2773 867 2813 οἰῗιὸὸν
898 2777 966 2825 τῆς
998 2773 1126 2817 οἰκίας
1157 2773 1239 2812 ἀλλ’
1275 2773 1574 2824 ὑπεραίρ()ι.νοιν;
1616 2772 1787 2824 πότερον
1806 2772 1882 2813 ,ὅτι
1917 2771 1986 2816 τοὶς

350 2952 373 2993 ¹)
401 2951 542 2985 Samter
569 2952 607 2984 in
635 2948 733 2984 libro
761 2961 872 2993 quem
900 2950 1105 2992 inscripsit:
1146 2947 1304 2988 Geburt,
1344 2947 1532 2983 Hochzeit
1564 2946 1645 2983 und
1682 2946 1778 2988 Tod,
1819 2947 1985 2991 Beitr'a'ge

228 3024 293 3046 zur
327 3007 642 3054 vergleichenden
677 3006 931 3043 Volkskundc
967 3008 1051 3042 1911
1088 3005 1319 3041 demonstrat
1352 3005 1454 3051 apud
1488 3006 1672 3051 plurimos
1705 3004 1871 3051 populos
1903 3007 1986 3049 opi-

230 3073 384 3104 nionem
412 3081 488 3104 esse
514 3069 584 3103 sub
613 3066 740 3102 limine
768 3069 903 3101 versari
931 3064 1135 3101 daemones
1163 3064 1307 3100 homini
1329 3064 1536 3101 malevolos
1563 3071 1599 3100 et
1616 3078 1661 3100 eo
1680 3064 1804 3100 solum
1824 3062 1984 3099 consilio

228 3141 404 3173 sponsam
432 3140 543 3172 super
570 3126 684 3161 limen
712 3128 862 3171 portari,
891 3137 936 3160 ne
965 3124 1050 3159 illos
1078 3124 1204 3159 turbet
1230 3127 1266 3158 in
1297 3123 1424 3158 limine
1453 3123 1586 3168 pedem
1615 3136 1773 3168 ponens.
