<?xml version="1.0" encoding="UTF-8"?>
<!DOCTYPE html PUBLIC "-//W3C//DTD XHTML 1.0 Transitional//EN"
    "http://www.w3.org/TR/xhtml1/DTD/xhtml1-transitional.dtd">
<html xmlns="http://www.w3.org/1999/xhtml" xml:lang="en" lang="en">
 <head>
  <title>
</title>
<meta http-equiv="Content-Type" content="text/html;charset=utf-8" />
  <meta name='ocr-system' content='tesseract 3.04.00' />
  <meta name='ocr-capabilities' content='ocr_page ocr_carea ocr_par ocr_line ocrx_word'/>
</head>
<body>
  <div class='ocr_page' id='page_1' title='image "./degraecorumritib00nawruoft_0007.png"; bbox 0 0 2154 3403; ppageno 0'>
   <div class='ocr_carea' id='block_1_1' title="bbox 880 639 1200 718">
    <p class='ocr_par' dir='ltr' id='par_1_1' title="bbox 880 639 1200 718">
     <span class='ocr_line' id='line_1_1' title="bbox 880 639 1200 718; baseline -0.009 -15"><span class='ocrx_word' id='word_1_1' title='bbox 880 639 1105 718; x_wconf 89' lang='lat' dir='ltr'>Caput</span> <span class='ocrx_word' id='word_1_2' title='bbox 1153 639 1200 700; x_wconf 93' lang='grc' dir='ltr'>Ι.</span> 
     </span>
    </p>
   </div>
   <div class='ocr_carea' id='block_1_2' title="bbox 156 752 1930 2589">
    <p class='ocr_par' dir='ltr' id='par_1_2' title="bbox 156 752 1927 1452">
     <span class='ocr_line' id='line_1_2' title="bbox 277 752 1923 813; baseline -0.004 -11"><span class='ocrx_word' id='word_1_3' title='bbox 277 758 399 802; x_wconf 89' lang='lat' dir='ltr'>Cum</span> <span class='ocrx_word' id='word_1_4' title='bbox 432 764 606 813; x_wconf 88' lang='lat' dir='ltr'>praeter</span> <span class='ocrx_word' id='word_1_5' title='bbox 636 755 986 813; x_wconf 88' lang='lat' dir='ltr'>lexicographos</span> <span class='ocrx_word' id='word_1_6' title='bbox 1019 771 1245 811; x_wconf 87' lang='lat' dir='ltr'>perpauca</span> <span class='ocrx_word' id='word_1_7' title='bbox 1278 753 1335 798; x_wconf 87' lang='lat' dir='ltr'>de</span> <span class='ocrx_word' id='word_1_8' title='bbox 1370 754 1653 798; x_wconf 88' lang='lat' dir='ltr'>Graecorum</span> <span class='ocrx_word' id='word_1_9' title='bbox 1687 752 1775 796; x_wconf 89' lang='lat' dir='ltr'>ritu</span> <span class='ocrx_word' id='word_1_10' title='bbox 1808 769 1923 808; x_wconf 90' lang='lat' dir='ltr'>nup-</span> 
     </span>
     <span class='ocr_line' id='line_1_3' title="bbox 158 822 1923 882; baseline -0.003 -10"><span class='ocrx_word' id='word_1_11' title='bbox 158 827 252 872; x_wconf 91' lang='lat' dir='ltr'>tiali</span> <span class='ocrx_word' id='word_1_12' title='bbox 270 827 519 872; x_wconf 80' lang='lat' dir='ltr'>habeamus</span> <span class='ocrx_word' id='word_1_13' title='bbox 537 827 853 882; x_wconf 83' lang='lat' dir='ltr'>testimonia¹),</span> <span class='ocrx_word' id='word_1_14' title='bbox 872 834 1168 870; x_wconf 88' lang='lat' dir='ltr'>monumenta</span> <span class='ocrx_word' id='word_1_15' title='bbox 1192 842 1372 869; x_wconf 90' lang='lat' dir='ltr'>necesse</span> <span class='ocrx_word' id='word_1_16' title='bbox 1391 832 1456 869; x_wconf 92' lang='lat' dir='ltr'>est</span> <span class='ocrx_word' id='word_1_17' title='bbox 1475 824 1710 881; x_wconf 83' lang='lat' dir='ltr'>exquirere</span> <span class='ocrx_word' id='word_1_18' title='bbox 1735 822 1791 867; x_wconf 87' lang='lat' dir='ltr'>ad</span> <span class='ocrx_word' id='word_1_19' title='bbox 1810 822 1923 867; x_wconf 89' lang='lat' dir='ltr'>hanc</span> 
     </span>
     <span class='ocr_line' id='line_1_4' title="bbox 158 893 1924 956; baseline -0.003 -13"><span class='ocrx_word' id='word_1_20' title='bbox 158 916 250 942; x_wconf 89' lang='lat' dir='ltr'>rem</span> <span class='ocrx_word' id='word_1_21' title='bbox 293 900 552 955; x_wconf 80' lang='lat' dir='ltr'>spectantia.</span> <span class='ocrx_word' id='word_1_22' title='bbox 623 900 839 956; x_wconf 76' lang='lat' dir='ltr'>Quorum</span> <span class='ocrx_word' id='word_1_23' title='bbox 878 898 959 942; x_wconf 93' lang='lat' dir='ltr'>etsi</span> <span class='ocrx_word' id='word_1_24' title='bbox 998 898 1201 954; x_wconf 83' lang='lat' dir='ltr'>suppetit</span> <span class='ocrx_word' id='word_1_25' title='bbox 1246 897 1376 952; x_wconf 89' lang='lat' dir='ltr'>copia</span> <span class='ocrx_word' id='word_1_26' title='bbox 1422 894 1547 939; x_wconf 87' lang='lat' dir='ltr'>haud</span> <span class='ocrx_word' id='word_1_27' title='bbox 1582 912 1730 950; x_wconf 89' lang='lat' dir='ltr'>parva,</span> <span class='ocrx_word' id='word_1_28' title='bbox 1777 893 1924 938; x_wconf 91' lang='lat' dir='ltr'>multo</span> 
     </span>
     <span class='ocr_line' id='line_1_5' title="bbox 158 965 1924 1026; baseline -0.003 -13"><span class='ocrx_word' id='word_1_29' title='bbox 158 986 297 1026; x_wconf 89' lang='lat' dir='ltr'>quam</span> <span class='ocrx_word' id='word_1_30' title='bbox 322 970 554 1015; x_wconf 87' lang='lat' dir='ltr'>Sticottius</span> <span class='ocrx_word' id='word_1_31' title='bbox 583 970 797 1026; x_wconf 82' lang='lat' dir='ltr'>opinatur</span> <span class='ocrx_word' id='word_1_32' title='bbox 828 970 984 1020; x_wconf 88' lang='lat' dir='ltr'>maior,</span> <span class='ocrx_word' id='word_1_33' title='bbox 1024 976 1173 1013; x_wconf 87' lang='lat' dir='ltr'>tamen</span> <span class='ocrx_word' id='word_1_34' title='bbox 1212 966 1423 1025; x_wconf 91' lang='lat' dir='ltr'>pluribus</span> <span class='ocrx_word' id='word_1_35' title='bbox 1463 965 1672 1010; x_wconf 86' lang='lat' dir='ltr'>nondum</span> <span class='ocrx_word' id='word_1_36' title='bbox 1712 973 1817 1010; x_wconf 91' lang='lat' dir='ltr'>sunt</span> <span class='ocrx_word' id='word_1_37' title='bbox 1856 966 1924 1009; x_wconf 92' lang='lat' dir='ltr'>usi</span> 
     </span>
     <span class='ocr_line' id='line_1_6' title="bbox 156 1036 1925 1097; baseline -0.003 -12"><span class='ocrx_word' id='word_1_38' title='bbox 156 1041 239 1085; x_wconf 89' lang='lat' dir='ltr'>viri</span> <span class='ocrx_word' id='word_1_39' title='bbox 283 1039 420 1092; x_wconf 90' lang='lat' dir='ltr'>docti,</span> <span class='ocrx_word' id='word_1_40' title='bbox 463 1048 506 1085; x_wconf 90' lang='lat' dir='ltr'>et</span> <span class='ocrx_word' id='word_1_41' title='bbox 546 1057 663 1097; x_wconf 89' lang='lat' dir='ltr'>quae</span> <span class='ocrx_word' id='word_1_42' title='bbox 704 1041 751 1084; x_wconf 94' lang='lat' dir='ltr'>in</span> <span class='ocrx_word' id='word_1_43' title='bbox 794 1057 926 1084; x_wconf 88' lang='lat' dir='ltr'>usum</span> <span class='ocrx_word' id='word_1_44' title='bbox 961 1057 1094 1083; x_wconf 89' lang='lat' dir='ltr'>suum</span> <span class='ocrx_word' id='word_1_45' title='bbox 1129 1038 1432 1089; x_wconf 88' lang='lat' dir='ltr'>contulerunt,</span> <span class='ocrx_word' id='word_1_46' title='bbox 1472 1037 1684 1081; x_wconf 82' lang='lat' dir='ltr'>sescentis</span> <span class='ocrx_word' id='word_1_47' title='bbox 1723 1036 1925 1092; x_wconf 82' lang='lat' dir='ltr'>dispersa</span> 
     </span>
     <span class='ocr_line' id='line_1_7' title="bbox 158 1106 1926 1166; baseline -0.003 -10"><span class='ocrx_word' id='word_1_48' title='bbox 158 1119 263 1156; x_wconf 90' lang='lat' dir='ltr'>sunt</span> <span class='ocrx_word' id='word_1_49' title='bbox 296 1110 820 1166; x_wconf 76' lang='lat' dir='ltr'>commentationibus‘2):</span> <span class='ocrx_word' id='word_1_50' title='bbox 856 1110 1050 1155; x_wconf 84' lang='lat' dir='ltr'>breviter</span> <span class='ocrx_word' id='word_1_51' title='bbox 1086 1118 1135 1154; x_wconf 91' lang='lat' dir='ltr'>ut</span> <span class='ocrx_word' id='word_1_52' title='bbox 1168 1109 1329 1160; x_wconf 87' lang='lat' dir='ltr'>dicam,</span> <span class='ocrx_word' id='word_1_53' title='bbox 1362 1116 1658 1153; x_wconf 86' lang='lat' dir='ltr'>monumenta</span> <span class='ocrx_word' id='word_1_54' title='bbox 1692 1106 1749 1151; x_wconf 88' lang='lat' dir='ltr'>ad</span> <span class='ocrx_word' id='word_1_55' title='bbox 1785 1108 1926 1152; x_wconf 87' lang='lat' dir='ltr'>Grae-</span> 
     </span>
     <span class='ocr_line' id='line_1_8' title="bbox 158 1177 1926 1239; baseline -0.003 -13"><span class='ocrx_word' id='word_1_56' title='bbox 158 1199 315 1226; x_wconf 90' lang='lat' dir='ltr'>corum</span> <span class='ocrx_word' id='word_1_57' title='bbox 348 1183 594 1239; x_wconf 80' lang='lat' dir='ltr'>spectantia</span> <span class='ocrx_word' id='word_1_58' title='bbox 627 1182 889 1239; x_wconf 85' lang='lat' dir='ltr'>nuptiarum</span> <span class='ocrx_word' id='word_1_59' title='bbox 922 1182 1216 1226; x_wconf 90' lang='lat' dir='ltr'>caerimonias</span> <span class='ocrx_word' id='word_1_60' title='bbox 1245 1180 1394 1225; x_wconf 89' lang='lat' dir='ltr'>adhuc</span> <span class='ocrx_word' id='word_1_61' title='bbox 1426 1179 1635 1224; x_wconf 84' lang='lat' dir='ltr'>nondum</span> <span class='ocrx_word' id='word_1_62' title='bbox 1665 1186 1770 1223; x_wconf 91' lang='lat' dir='ltr'>sunt</span> <span class='ocrx_word' id='word_1_63' title='bbox 1794 1177 1926 1235; x_wconf 91' lang='lat' dir='ltr'>plene</span> 
     </span>
     <span class='ocr_line' id='line_1_9' title="bbox 156 1248 1927 1309; baseline -0.003 -12"><span class='ocrx_word' id='word_1_64' title='bbox 156 1260 338 1297; x_wconf 87' lang='lat' dir='ltr'>tractata</span> <span class='ocrx_word' id='word_1_65' title='bbox 384 1260 434 1297; x_wconf 92' lang='lat' dir='ltr'>ut</span> <span class='ocrx_word' id='word_1_66' title='bbox 473 1255 677 1297; x_wconf 90' lang='lat' dir='ltr'>Romana</span> <span class='ocrx_word' id='word_1_67' title='bbox 722 1252 778 1297; x_wconf 88' lang='lat' dir='ltr'>ab</span> <span class='ocrx_word' id='word_1_68' title='bbox 818 1253 1035 1309; x_wconf 77' lang='lat' dir='ltr'>Augusto</span> <span class='ocrx_word' id='word_1_69' title='bbox 1077 1250 1302 1297; x_wconf 87' lang='lat' dir='ltr'>Rossbach</span> <span class='ocrx_word' id='word_1_70' title='bbox 1349 1250 1614 1306; x_wconf 76' lang='lat' dir='ltr'>(Romische</span> <span class='ocrx_word' id='word_1_71' title='bbox 1656 1248 1927 1294; x_wconf 86' lang='lat' dir='ltr'>Hochzeits-</span> 
     </span>
     <span class='ocr_line' id='line_1_10' title="bbox 158 1319 1926 1381; baseline -0.002 -13"><span class='ocrx_word' id='word_1_72' title='bbox 158 1323 254 1368; x_wconf 91' lang='lat' dir='ltr'>und</span> <span class='ocrx_word' id='word_1_73' title='bbox 295 1323 669 1375; x_wconf 71' lang='lat' dir='ltr'>Ehedenkmaler,</span> <span class='ocrx_word' id='word_1_74' title='bbox 716 1325 900 1381; x_wconf 87' lang='lat' dir='ltr'>Leipzig</span> <span class='ocrx_word' id='word_1_75' title='bbox 943 1325 1091 1379; x_wconf 87' lang='grc'>1871).</span> <span class='ocrx_word' id='word_1_76' title='bbox 1163 1323 1310 1381; x_wconf 78' lang='lat' dir='ltr'>Quod</span> <span class='ocrx_word' id='word_1_77' title='bbox 1356 1321 1468 1366; x_wconf 90' lang='lat' dir='ltr'>mihi</span> <span class='ocrx_word' id='word_1_78' title='bbox 1512 1323 1558 1365; x_wconf 91' lang='lat' dir='ltr'>in</span> <span class='ocrx_word' id='word_1_79' title='bbox 1603 1321 1690 1365; x_wconf 92' lang='lat' dir='ltr'>hoc</span> <span class='ocrx_word' id='word_1_80' title='bbox 1737 1319 1926 1377; x_wconf 90' lang='lat' dir='ltr'>quidem</span> 
     </span>
     <span class='ocr_line' id='line_1_11' title="bbox 157 1396 853 1452; baseline 0 -13"><span class='ocrx_word' id='word_1_81' title='bbox 157 1396 450 1452; x_wconf 89' lang='lat' dir='ltr'>propositum</span> <span class='ocrx_word' id='word_1_82' title='bbox 483 1402 549 1440; x_wconf 89' lang='lat' dir='ltr'>est</span> <span class='ocrx_word' id='word_1_83' title='bbox 581 1403 853 1440; x_wconf 90' lang='lat' dir='ltr'>commento.</span> 
     </span>
    </p>

    <p class='ocr_par' dir='ltr' id='par_1_3' title="bbox 158 1462 1929 1950">
     <span class='ocr_line' id='line_1_12' title="bbox 275 1462 1926 1523; baseline -0.002 -13"><span class='ocrx_word' id='word_1_84' title='bbox 275 1466 418 1511; x_wconf 85' lang='lat' dir='ltr'>Anno</span> <span class='ocrx_word' id='word_1_85' title='bbox 452 1465 494 1510; x_wconf 93' lang='lat' dir='ltr'>h.</span> <span class='ocrx_word' id='word_1_86' title='bbox 529 1483 561 1510; x_wconf 92' lang='lat' dir='ltr'>s.</span> <span class='ocrx_word' id='word_1_87' title='bbox 595 1467 684 1510; x_wconf 90' lang='lat' dir='ltr'>XII</span> <span class='ocrx_word' id='word_1_88' title='bbox 719 1465 975 1523; x_wconf 86' lang='lat' dir='ltr'>complures</span> <span class='ocrx_word' id='word_1_89' title='bbox 1006 1483 1108 1510; x_wconf 93' lang='lat' dir='ltr'>cum</span> <span class='ocrx_word' id='word_1_90' title='bbox 1132 1473 1333 1510; x_wconf 86' lang='lat' dir='ltr'>versatus</span> <span class='ocrx_word' id='word_1_91' title='bbox 1357 1466 1440 1510; x_wconf 92' lang='lat' dir='ltr'>sim</span> <span class='ocrx_word' id='word_1_92' title='bbox 1465 1481 1640 1509; x_wconf 91' lang='lat' dir='ltr'>menses</span> <span class='ocrx_word' id='word_1_93' title='bbox 1664 1463 1709 1507; x_wconf 90' lang='lat' dir='ltr'>in</span> <span class='ocrx_word' id='word_1_94' title='bbox 1735 1462 1926 1508; x_wconf 83' lang='lat' dir='ltr'>Graecia</span> 
     </span>
     <span class='ocr_line' id='line_1_13' title="bbox 158 1533 1929 1594; baseline -0.002 -13"><span class='ocrx_word' id='word_1_95' title='bbox 158 1545 201 1582; x_wconf 93' lang='lat' dir='ltr'>et</span> <span class='ocrx_word' id='word_1_96' title='bbox 243 1536 382 1589; x_wconf 89' lang='lat' dir='ltr'>Italia,</span> <span class='ocrx_word' id='word_1_97' title='bbox 425 1544 829 1582; x_wconf 84' lang='lat' dir='ltr'>monumentorum</span> <span class='ocrx_word' id='word_1_98' title='bbox 873 1537 929 1582; x_wconf 87' lang='lat' dir='ltr'>cle</span> <span class='ocrx_word' id='word_1_99' title='bbox 978 1536 1149 1594; x_wconf 93' lang='lat' dir='ltr'>quibus</span> <span class='ocrx_word' id='word_1_100' title='bbox 1198 1554 1298 1581; x_wconf 89' lang='lat' dir='ltr'>sum</span> <span class='ocrx_word' id='word_1_101' title='bbox 1339 1537 1612 1581; x_wconf 87' lang='lat' dir='ltr'>disserturus</span> <span class='ocrx_word' id='word_1_102' title='bbox 1651 1533 1762 1578; x_wconf 91' lang='lat' dir='ltr'>mihi</span> <span class='ocrx_word' id='word_1_103' title='bbox 1801 1533 1929 1577; x_wconf 91' lang='lat' dir='ltr'>licuit</span> 
     </span>
     <span class='ocr_line' id='line_1_14' title="bbox 159 1604 1927 1666; baseline -0.003 -13"><span class='ocrx_word' id='word_1_104' title='bbox 159 1608 381 1666; x_wconf 89' lang='lat' dir='ltr'>permulta</span> <span class='ocrx_word' id='word_1_105' title='bbox 427 1609 693 1665; x_wconf 90' lang='lat' dir='ltr'>perscrutari</span> <span class='ocrx_word' id='word_1_106' title='bbox 732 1609 777 1652; x_wconf 89' lang='lat' dir='ltr'>in</span> <span class='ocrx_word' id='word_1_107' title='bbox 811 1609 978 1652; x_wconf 86' lang='lat' dir='ltr'>museis</span> <span class='ocrx_word' id='word_1_108' title='bbox 1012 1609 1135 1664; x_wconf 88' lang='lat' dir='ltr'>ipsis.</span> <span class='ocrx_word' id='word_1_109' title='bbox 1201 1607 1436 1653; x_wconf 88' lang='lat' dir='ltr'>Omnibus</span> <span class='ocrx_word' id='word_1_110' title='bbox 1471 1608 1551 1665; x_wconf 94' lang='lat' dir='ltr'>qui</span> <span class='ocrx_word' id='word_1_111' title='bbox 1585 1623 1654 1650; x_wconf 90' lang='lat' dir='ltr'>me</span> <span class='ocrx_word' id='word_1_112' title='bbox 1688 1606 1732 1649; x_wconf 90' lang='lat' dir='ltr'>in</span> <span class='ocrx_word' id='word_1_113' title='bbox 1767 1604 1848 1649; x_wconf 90' lang='lat' dir='ltr'>hac</span> <span class='ocrx_word' id='word_1_114' title='bbox 1882 1621 1927 1648; x_wconf 87' lang='lat' dir='ltr'>re</span> 
     </span>
     <span class='ocr_line' id='line_1_15' title="bbox 158 1677 1926 1737; baseline -0.003 -13"><span class='ocrx_word' id='word_1_115' title='bbox 158 1679 433 1724; x_wconf 86' lang='lat' dir='ltr'>adiuverunt</span> <span class='ocrx_word' id='word_1_116' title='bbox 465 1678 551 1723; x_wconf 92' lang='lat' dir='ltr'>hoc</span> <span class='ocrx_word' id='word_1_117' title='bbox 585 1696 776 1737; x_wconf 85' lang='lat' dir='ltr'>quoque</span> <span class='ocrx_word' id='word_1_118' title='bbox 809 1678 912 1723; x_wconf 93' lang='lat' dir='ltr'>loco</span> <span class='ocrx_word' id='word_1_119' title='bbox 947 1679 1089 1724; x_wconf 86' lang='lat' dir='ltr'>facere</span> <span class='ocrx_word' id='word_1_120' title='bbox 1123 1697 1217 1723; x_wconf 91' lang='lat' dir='ltr'>non</span> <span class='ocrx_word' id='word_1_121' title='bbox 1251 1696 1441 1735; x_wconf 90' lang='lat' dir='ltr'>possum</span> <span class='ocrx_word' id='word_1_122' title='bbox 1475 1678 1587 1735; x_wconf 89' lang='lat' dir='ltr'>quin</span> <span class='ocrx_word' id='word_1_123' title='bbox 1611 1677 1774 1734; x_wconf 87' lang='lat' dir='ltr'>gratias</span> <span class='ocrx_word' id='word_1_124' title='bbox 1798 1692 1926 1732; x_wconf 88' lang='lat' dir='ltr'>agam</span> 
     </span>
     <span class='ocr_line' id='line_1_16' title="bbox 159 1746 1927 1808; baseline -0.002 -14"><span class='ocrx_word' id='word_1_125' title='bbox 159 1767 297 1808; x_wconf 90' lang='lat' dir='ltr'>quam</span> <span class='ocrx_word' id='word_1_126' title='bbox 342 1751 573 1802; x_wconf 87' lang='lat' dir='ltr'>maximas,</span> <span class='ocrx_word' id='word_1_127' title='bbox 619 1751 839 1807; x_wconf 88' lang='lat' dir='ltr'>imprimis</span> <span class='ocrx_word' id='word_1_128' title='bbox 886 1751 1164 1807; x_wconf 86' lang='lat' dir='ltr'>praeceptori</span> <span class='ocrx_word' id='word_1_129' title='bbox 1207 1767 1309 1794; x_wconf 91' lang='lat' dir='ltr'>meo</span> <span class='ocrx_word' id='word_1_130' title='bbox 1345 1748 1565 1793; x_wconf 88' lang='lat' dir='ltr'>Riccardo</span> <span class='ocrx_word' id='word_1_131' title='bbox 1606 1750 1809 1792; x_wconf 88' lang='lat' dir='ltr'>Foerster</span> <span class='ocrx_word' id='word_1_132' title='bbox 1846 1746 1927 1803; x_wconf 90' lang='lat' dir='ltr'>qui</span> 
     </span>
     <span class='ocr_line' id='line_1_17' title="bbox 158 1816 1926 1876; baseline -0.002 -10"><span class='ocrx_word' id='word_1_133' title='bbox 158 1821 284 1866; x_wconf 89' lang='lat' dir='ltr'>haud</span> <span class='ocrx_word' id='word_1_134' title='bbox 323 1820 466 1866; x_wconf 89' lang='lat' dir='ltr'>modo</span> <span class='ocrx_word' id='word_1_135' title='bbox 510 1829 559 1866; x_wconf 87' lang='lat' dir='ltr'>ut</span> <span class='ocrx_word' id='word_1_136' title='bbox 596 1821 710 1866; x_wconf 92' lang='lat' dir='ltr'>hanc</span> <span class='ocrx_word' id='word_1_137' title='bbox 750 1822 989 1866; x_wconf 86' lang='lat' dir='ltr'>scriberem</span> <span class='ocrx_word' id='word_1_138' title='bbox 1029 1821 1459 1866; x_wconf 87' lang='lat' dir='ltr'>commentationem</span> <span class='ocrx_word' id='word_1_139' title='bbox 1504 1837 1574 1864; x_wconf 89' lang='lat' dir='ltr'>me</span> <span class='ocrx_word' id='word_1_140' title='bbox 1620 1818 1802 1876; x_wconf 90' lang='lat' dir='ltr'>impulit</span> <span class='ocrx_word' id='word_1_141' title='bbox 1847 1816 1926 1862; x_wconf 91' lang='lat' dir='ltr'>sed</span> 
     </span>
     <span class='ocr_line' id='line_1_18' title="bbox 159 1891 1796 1950; baseline -0.002 -14"><span class='ocrx_word' id='word_1_142' title='bbox 159 1894 292 1937; x_wconf 88' lang='lat' dir='ltr'>etiam</span> <span class='ocrx_word' id='word_1_143' title='bbox 326 1893 372 1936; x_wconf 93' lang='lat' dir='ltr'>in</span> <span class='ocrx_word' id='word_1_144' title='bbox 405 1909 454 1936; x_wconf 90' lang='lat' dir='ltr'>ea</span> <span class='ocrx_word' id='word_1_145' title='bbox 488 1892 762 1949; x_wconf 86' lang='lat' dir='ltr'>perficienda</span> <span class='ocrx_word' id='word_1_146' title='bbox 796 1910 933 1950; x_wconf 90' lang='lat' dir='ltr'>opera</span> <span class='ocrx_word' id='word_1_147' title='bbox 967 1900 1008 1937; x_wconf 90' lang='lat' dir='ltr'>et</span> <span class='ocrx_word' id='word_1_148' title='bbox 1042 1894 1234 1936; x_wconf 91' lang='lat' dir='ltr'>consilio</span> <span class='ocrx_word' id='word_1_149' title='bbox 1267 1891 1391 1936; x_wconf 88' lang='lat' dir='ltr'>haud</span> <span class='ocrx_word' id='word_1_150' title='bbox 1426 1891 1598 1935; x_wconf 89' lang='lat' dir='ltr'>destitit</span> <span class='ocrx_word' id='word_1_151' title='bbox 1629 1891 1796 1934; x_wconf 88' lang='lat' dir='ltr'>iuvare.</span> 
     </span>
    </p>

    <p class='ocr_par' dir='ltr' id='par_1_4' title="bbox 159 1961 1930 2589">
     <span class='ocr_line' id='line_1_19' title="bbox 278 1961 1928 2020; baseline -0.002 -13"><span class='ocrx_word' id='word_1_152' title='bbox 278 1964 300 2019; x_wconf 83' lang='lat'><strong>§</strong></span> <span class='ocrx_word' id='word_1_153' title='bbox 338 1965 373 2008; x_wconf 92' lang='lat'>1.</span> <span class='ocrx_word' id='word_1_154' title='bbox 439 1965 751 2008; x_wconf 89' lang='lat' dir='ltr'>Romanorum</span> <span class='ocrx_word' id='word_1_155' title='bbox 786 1964 896 2008; x_wconf 88' lang='lat' dir='ltr'>ritus</span> <span class='ocrx_word' id='word_1_156' title='bbox 935 1963 1161 2020; x_wconf 88' lang='lat' dir='ltr'>nuptiales</span> <span class='ocrx_word' id='word_1_157' title='bbox 1195 1964 1436 2020; x_wconf 89' lang='lat' dir='ltr'>praecipue</span> <span class='ocrx_word' id='word_1_158' title='bbox 1470 1961 1750 2006; x_wconf 88' lang='lat' dir='ltr'>illustrantur</span> <span class='ocrx_word' id='word_1_159' title='bbox 1783 1977 1928 2004; x_wconf 88' lang='lat' dir='ltr'>sarco-</span> 
     </span>
     <span class='ocr_line' id='line_1_20' title="bbox 160 2033 1927 2092; baseline -0.002 -13"><span class='ocrx_word' id='word_1_160' title='bbox 160 2035 334 2092; x_wconf 84' lang='lat' dir='ltr'>phagis,</span> <span class='ocrx_word' id='word_1_161' title='bbox 360 2035 642 2080; x_wconf 85' lang='lat' dir='ltr'>Graecorum</span> <span class='ocrx_word' id='word_1_162' title='bbox 665 2034 873 2080; x_wconf 75' lang='lat' dir='ltr'>vasculis,</span> <span class='ocrx_word' id='word_1_163' title='bbox 928 2034 1237 2079; x_wconf 89' lang='lat' dir='ltr'>Vasculorum</span> <span class='ocrx_word' id='word_1_164' title='bbox 1261 2051 1452 2092; x_wconf 90' lang='lat' dir='ltr'>quoque</span> <span class='ocrx_word' id='word_1_165' title='bbox 1476 2034 1642 2090; x_wconf 73' lang='lat' dir='ltr'>primas</span> <span class='ocrx_word' id='word_1_166' title='bbox 1667 2033 1758 2089; x_wconf 89' lang='lat' dir='ltr'>agit</span> <span class='ocrx_word' id='word_1_167' title='bbox 1781 2038 1927 2088; x_wconf 89' lang='lat' dir='ltr'>partes</span> 
     </span>
     <span class='ocr_line' id='line_1_21' title="bbox 159 2102 1930 2163; baseline -0.002 -13"><span class='ocrx_word' id='word_1_168' title='bbox 159 2123 302 2163; x_wconf 91' lang='lat' dir='ltr'>genus</span> <span class='ocrx_word' id='word_1_169' title='bbox 326 2105 456 2163; x_wconf 90' lang='lat' dir='ltr'>quod</span> <span class='ocrx_word' id='word_1_170' title='bbox 480 2107 788 2150; x_wconf 89' lang='lat' dir='ltr'>monumentis</span> <span class='ocrx_word' id='word_1_171' title='bbox 813 2113 878 2150; x_wconf 90' lang='lat' dir='ltr'>est</span> <span class='ocrx_word' id='word_1_172' title='bbox 900 2105 1036 2150; x_wconf 88' lang='lat' dir='ltr'>affine</span> <span class='ocrx_word' id='word_1_173' title='bbox 1060 2105 1389 2163; x_wconf 88' lang='lat' dir='ltr'>sepulcralibus</span> <span class='ocrx_word' id='word_1_174' title='bbox 1412 2111 1696 2161; x_wconf 86' lang='lat' dir='ltr'>angusteque</span> <span class='ocrx_word' id='word_1_175' title='bbox 1721 2102 1930 2147; x_wconf 90' lang='lat' dir='ltr'>cohaeret</span> 
     </span>
     <span class='ocr_line' id='line_1_22' title="bbox 160 2174 1928 2232; baseline -0.002 -11"><span class='ocrx_word' id='word_1_176' title='bbox 160 2194 262 2221; x_wconf 91' lang='lat' dir='ltr'>cum</span> <span class='ocrx_word' id='word_1_177' title='bbox 296 2184 582 2221; x_wconf 90' lang='lat' dir='ltr'>mortuorum</span> <span class='ocrx_word' id='word_1_178' title='bbox 617 2177 740 2221; x_wconf 92' lang='lat' dir='ltr'>cultu</span> <span class='ocrx_word' id='word_1_179' title='bbox 776 2202 816 2207; x_wconf 91' lang='lat'><em>-</em></span> <span class='ocrx_word' id='word_1_180' title='bbox 850 2179 1200 2232; x_wconf 72' lang='grc' dir='ltr'>λουτροφόροι,</span> <span class='ocrx_word' id='word_1_181' title='bbox 1234 2193 1338 2222; x_wconf 90' lang='lat' dir='ltr'>vasa</span> <span class='ocrx_word' id='word_1_182' title='bbox 1371 2175 1446 2220; x_wconf 94' lang='lat' dir='ltr'>illa</span> <span class='ocrx_word' id='word_1_183' title='bbox 1474 2175 1628 2220; x_wconf 92' lang='lat' dir='ltr'>fictilia</span> <span class='ocrx_word' id='word_1_184' title='bbox 1657 2174 1928 2232; x_wconf 90' lang='lat' dir='ltr'>gracillimae</span> 
     </span>
     <span class='ocr_line' id='line_1_23' title="bbox 159 2245 1928 2305; baseline -0.001 -13"><span class='ocrx_word' id='word_1_185' title='bbox 159 2247 330 2292; x_wconf 89' lang='lat' dir='ltr'>formae</span> <span class='ocrx_word' id='word_1_186' title='bbox 363 2249 489 2292; x_wconf 90' lang='lat' dir='ltr'>tenui</span> <span class='ocrx_word' id='word_1_187' title='bbox 522 2249 737 2293; x_wconf 90' lang='lat' dir='ltr'>instructa</span> <span class='ocrx_word' id='word_1_188' title='bbox 778 2265 854 2293; x_wconf 83' lang='lat' dir='ltr'>ore</span> <span class='ocrx_word' id='word_1_189' title='bbox 887 2249 932 2293; x_wconf 91' lang='lat' dir='ltr'>in</span> <span class='ocrx_word' id='word_1_190' title='bbox 974 2248 1087 2293; x_wconf 91' lang='lat' dir='ltr'>disci</span> <span class='ocrx_word' id='word_1_191' title='bbox 1126 2248 1319 2293; x_wconf 87' lang='lat' dir='ltr'>formam</span> <span class='ocrx_word' id='word_1_192' title='bbox 1353 2254 1552 2298; x_wconf 89' lang='lat' dir='ltr'>extento,</span> <span class='ocrx_word' id='word_1_193' title='bbox 1587 2263 1704 2305; x_wconf 91' lang='lat' dir='ltr'>quae</span> <span class='ocrx_word' id='word_1_194' title='bbox 1738 2245 1928 2303; x_wconf 86' lang='lat' dir='ltr'>quidem</span> 
     </span>
     <span class='ocr_line' id='line_1_24' title="bbox 159 2318 1927 2376; baseline -0.001 -13"><span class='ocrx_word' id='word_1_195' title='bbox 159 2318 487 2364; x_wconf 87' lang='lat' dir='ltr'>recentioribus</span> <span class='ocrx_word' id='word_1_196' title='bbox 518 2318 804 2376; x_wconf 86' lang='lat' dir='ltr'>temporibus</span> <span class='ocrx_word' id='word_1_197' title='bbox 846 2319 1166 2376; x_wconf 88' lang='lat' dir='ltr'>repetebantur</span> <span class='ocrx_word' id='word_1_198' title='bbox 1205 2336 1426 2364; x_wconf 87' lang='lat' dir='ltr'>marmore</span> <span class='ocrx_word' id='word_1_199' title='bbox 1461 2319 1554 2364; x_wconf 91' lang='lat' dir='ltr'>sive</span> <span class='ocrx_word' id='word_1_200' title='bbox 1593 2319 1640 2362; x_wconf 90' lang='lat' dir='ltr'>in</span> <span class='ocrx_word' id='word_1_201' title='bbox 1679 2325 1927 2362; x_wconf 87' lang='lat' dir='ltr'>statuarum</span> 
     </span>
     <span class='ocr_line' id='line_1_25' title="bbox 161 2388 1927 2448; baseline -0.001 -14"><span class='ocrx_word' id='word_1_202' title='bbox 161 2391 253 2434; x_wconf 88' lang='lat' dir='ltr'>sive</span> <span class='ocrx_word' id='word_1_203' title='bbox 287 2389 651 2448; x_wconf 87' lang='lat' dir='ltr'>anaglyphorum</span> <span class='ocrx_word' id='word_1_204' title='bbox 684 2390 875 2435; x_wconf 89' lang='lat' dir='ltr'>modum</span> <span class='ocrx_word' id='word_1_205' title='bbox 916 2391 1180 2448; x_wconf 86' lang='lat' dir='ltr'>fiebantque</span> <span class='ocrx_word' id='word_1_206' title='bbox 1220 2391 1362 2447; x_wconf 88' lang='lat' dir='ltr'>magis</span> <span class='ocrx_word' id='word_1_207' title='bbox 1402 2391 1639 2447; x_wconf 88' lang='lat' dir='ltr'>magisque</span> <span class='ocrx_word' id='word_1_208' title='bbox 1678 2388 1927 2439; x_wconf 89' lang='lat' dir='ltr'>luxuriosa,</span> 
     </span>
     <span class='ocr_line' id='line_1_26' title="bbox 161 2460 1927 2519; baseline -0.001 -14"><span class='ocrx_word' id='word_1_209' title='bbox 161 2461 307 2505; x_wconf 91' lang='lat' dir='ltr'>donec</span> <span class='ocrx_word' id='word_1_210' title='bbox 360 2462 581 2506; x_wconf 86' lang='lat' dir='ltr'>Demetrii</span> <span class='ocrx_word' id='word_1_211' title='bbox 637 2461 838 2506; x_wconf 84' lang='lat' dir='ltr'>Phalerei</span> <span class='ocrx_word' id='word_1_212' title='bbox 887 2462 958 2506; x_wconf 88' lang='lat' dir='ltr'>lex</span> <span class='ocrx_word' id='word_1_213' title='bbox 1007 2461 1268 2519; x_wconf 88' lang='lat' dir='ltr'>sepulcralis</span> <span class='ocrx_word' id='word_1_214' title='bbox 1313 2478 1352 2505; x_wconf 88' lang='lat' dir='ltr'>a.</span> <span class='ocrx_word' id='word_1_215' title='bbox 1400 2462 1534 2514; x_wconf 62' lang='lat' dir='ltr'>317s‘6</span> <span class='ocrx_word' id='word_1_216' title='bbox 1583 2460 1688 2505; x_wconf 91' lang='lat' dir='ltr'>huic</span> <span class='ocrx_word' id='word_1_217' title='bbox 1737 2476 1927 2517; x_wconf 91' lang='lat' dir='ltr'>quoque</span> 
     </span>
     <span class='ocr_line' id='line_1_27' title="bbox 159 2531 1375 2589; baseline 0.001 -13"><span class='ocrx_word' id='word_1_218' title='bbox 159 2533 311 2588; x_wconf 89' lang='lat' dir='ltr'>generi</span> <span class='ocrx_word' id='word_1_219' title='bbox 343 2533 448 2576; x_wconf 85' lang='lat' dir='ltr'>artis</span> <span class='ocrx_word' id='word_1_220' title='bbox 481 2531 740 2589; x_wconf 90' lang='lat' dir='ltr'>sepulcralis</span> <span class='ocrx_word' id='word_1_221' title='bbox 773 2534 951 2577; x_wconf 83' lang='lat' dir='ltr'>Atticae</span> <span class='ocrx_word' id='word_1_222' title='bbox 984 2533 1122 2578; x_wconf 87' lang='lat' dir='ltr'>finem</span> <span class='ocrx_word' id='word_1_223' title='bbox 1155 2533 1375 2588; x_wconf 61' lang='lat' dir='ltr'>faceretss).</span> 
     </span>
    </p>
   </div>
   <div class='ocr_carea' id='block_1_3' title="bbox 161 2671 1930 3071">
    <p class='ocr_par' dir='ltr' id='par_1_5' title="bbox 162 2671 1928 2840">
     <span class='ocr_line' id='line_1_28' title="bbox 284 2671 1928 2719; baseline -0.002 -10"><span class='ocrx_word' id='word_1_224' title='bbox 284 2675 307 2717; x_wconf 89' lang='lat'>¹)</span> <span class='ocrx_word' id='word_1_225' title='bbox 323 2675 434 2718; x_wconf 79' lang='lat' dir='ltr'>Quos</span> <span class='ocrx_word' id='word_1_226' title='bbox 446 2672 571 2710; x_wconf 88' lang='lat' dir='ltr'>fontes</span> <span class='ocrx_word' id='word_1_227' title='bbox 583 2673 817 2719; x_wconf 87' lang='lat' dir='ltr'>collegerunt</span> <span class='ocrx_word' id='word_1_228' title='bbox 827 2675 868 2710; x_wconf 90' lang='lat' dir='ltr'>C.</span> <span class='ocrx_word' id='word_1_229' title='bbox 882 2677 935 2710; x_wconf 79' lang='lat' dir='ltr'>Pr.</span> <span class='ocrx_word' id='word_1_230' title='bbox 948 2675 1374 2716; x_wconf 74' lang='lat' dir='ltr'>HermannOEluemner,</span> <span class='ocrx_word' id='word_1_231' title='bbox 1389 2673 1586 2710; x_wconf 90' lang='lat' dir='ltr'>Lehrbuch</span> <span class='ocrx_word' id='word_1_232' title='bbox 1598 2672 1663 2709; x_wconf 90' lang='lat' dir='ltr'>der</span> <span class='ocrx_word' id='word_1_233' title='bbox 1671 2671 1928 2719; x_wconf 88' lang='lat' dir='ltr'>griechischen</span> 
     </span>
     <span class='ocr_line' id='line_1_29' title="bbox 162 2731 1928 2780; baseline -0.002 -10"><span class='ocrx_word' id='word_1_234' title='bbox 162 2733 512 2774; x_wconf 79' lang='lat' dir='ltr'>Privataltert&#39;urner,</span> <span class='ocrx_word' id='word_1_235' title='bbox 535 2735 623 2769; x_wconf 83' lang='lat'>1882</span> <span class='ocrx_word' id='word_1_236' title='bbox 641 2734 659 2778; x_wconf 66' lang='grc' dir='ltr'><strong>ἕ</strong></span> <span class='ocrx_word' id='word_1_237' title='bbox 678 2735 718 2769; x_wconf 84' lang='lat'>31</span> <span class='ocrx_word' id='word_1_238' title='bbox 737 2739 772 2769; x_wconf 90' lang='lat' dir='ltr'>et</span> <span class='ocrx_word' id='word_1_239' title='bbox 788 2735 916 2770; x_wconf 84' lang='lat' dir='ltr'>Petrus</span> <span class='ocrx_word' id='word_1_240' title='bbox 935 2735 1092 2776; x_wconf 84' lang='lat' dir='ltr'>Sticotti,</span> <span class='ocrx_word' id='word_1_241' title='bbox 1111 2737 1167 2770; x_wconf 90' lang='lat' dir='ltr'>Zu</span> <span class='ocrx_word' id='word_1_242' title='bbox 1187 2733 1445 2780; x_wconf 85' lang='lat' dir='ltr'>griechischen</span> <span class='ocrx_word' id='word_1_243' title='bbox 1466 2731 1928 2778; x_wconf 75' lang='lat' dir='ltr'>Hochzeitsgebr&#39;auchen,</span> 
     </span>
     <span class='ocr_line' id='line_1_30' title="bbox 162 2791 1247 2840; baseline 0 -11"><span class='ocrx_word' id='word_1_244' title='bbox 162 2791 375 2829; x_wconf 88' lang='lat' dir='ltr'>Festschrift</span> <span class='ocrx_word' id='word_1_245' title='bbox 400 2791 461 2828; x_wconf 74' lang='lat' dir='ltr'>fiir</span> <span class='ocrx_word' id='word_1_246' title='bbox 488 2793 581 2828; x_wconf 90' lang='lat' dir='ltr'>Otto</span> <span class='ocrx_word' id='word_1_247' title='bbox 610 2792 818 2835; x_wconf 88' lang='lat' dir='ltr'>Benndorf,</span> <span class='ocrx_word' id='word_1_248' title='bbox 846 2795 961 2829; x_wconf 87' lang='lat' dir='ltr'>Wien</span> <span class='ocrx_word' id='word_1_249' title='bbox 992 2796 1079 2830; x_wconf 84' lang='lat'>1898</span> <span class='ocrx_word' id='word_1_250' title='bbox 1106 2807 1140 2840; x_wconf 91' lang='lat' dir='ltr'>p.</span> <span class='ocrx_word' id='word_1_251' title='bbox 1173 2796 1247 2829; x_wconf 89' lang='grc'>181.</span> 
     </span>
    </p>

    <p class='ocr_par' dir='ltr' id='par_1_6' title="bbox 161 2852 1928 2957">
     <span class='ocr_line' id='line_1_31' title="bbox 281 2852 1928 2896; baseline -0.001 -10"><span class='ocrx_word' id='word_1_252' title='bbox 281 2853 308 2895; x_wconf 81' lang='lat'>2)</span> <span class='ocrx_word' id='word_1_253' title='bbox 335 2853 508 2896; x_wconf 82' lang='lat' dir='ltr'>Quarum</span> <span class='ocrx_word' id='word_1_254' title='bbox 534 2855 759 2888; x_wconf 88' lang='lat' dir='ltr'>recentiores</span> <span class='ocrx_word' id='word_1_255' title='bbox 792 2859 986 2889; x_wconf 89' lang='lat' dir='ltr'>enumerat</span> <span class='ocrx_word' id='word_1_256' title='bbox 1018 2853 1243 2894; x_wconf 85' lang='lat' dir='ltr'>Brueckner,</span> <span class='ocrx_word' id='word_1_257' title='bbox 1267 2852 1580 2894; x_wconf 69' lang='grc' dir='ltr'>Ἆι’(ικαλυπτὴριιι,</span> <span class='ocrx_word' id='word_1_258' title='bbox 1607 2853 1662 2886; x_wconf 82' lang='lat'>64.</span> <span class='ocrx_word' id='word_1_259' title='bbox 1714 2852 1928 2896; x_wconf 87' lang='lat' dir='ltr'>Programm</span> 
     </span>
     <span class='ocr_line' id='line_1_32' title="bbox 161 2909 1927 2957; baseline -0.002 -10"><span class='ocrx_word' id='word_1_260' title='bbox 161 2924 247 2947; x_wconf 90' lang='lat' dir='ltr'>zum</span> <span class='ocrx_word' id='word_1_261' title='bbox 273 2909 682 2947; x_wconf 82' lang='lat' dir='ltr'>Winckelmannsfeste</span> <span class='ocrx_word' id='word_1_262' title='bbox 709 2911 775 2947; x_wconf 88' lang='lat' dir='ltr'>der</span> <span class='ocrx_word' id='word_1_263' title='bbox 801 2911 1176 2957; x_wconf 80' lang='lat' dir='ltr'>Archaeologischen</span> <span class='ocrx_word' id='word_1_264' title='bbox 1204 2912 1455 2948; x_wconf 86' lang='lat' dir='ltr'>Gesellschaft</span> <span class='ocrx_word' id='word_1_265' title='bbox 1474 2925 1520 2947; x_wconf 90' lang='lat' dir='ltr'>zu</span> <span class='ocrx_word' id='word_1_266' title='bbox 1542 2910 1679 2951; x_wconf 82' lang='lat' dir='ltr'>Berlin,</span> <span class='ocrx_word' id='word_1_267' title='bbox 1711 2911 1799 2945; x_wconf 77' lang='lat'>1904</span> <span class='ocrx_word' id='word_1_268' title='bbox 1818 2922 1852 2954; x_wconf 87' lang='lat' dir='ltr'>p.</span> <span class='ocrx_word' id='word_1_269' title='bbox 1877 2911 1927 2944; x_wconf 89' lang='lat'>18.</span> 
     </span>
    </p>

    <p class='ocr_par' dir='ltr' id='par_1_7' title="bbox 162 2968 1930 3071">
     <span class='ocr_line' id='line_1_33' title="bbox 283 2968 1929 3016; baseline -0.004 -10"><span class='ocrx_word' id='word_1_270' title='bbox 283 2970 310 3013; x_wconf 87' lang='lat'>3)</span> <span class='ocrx_word' id='word_1_271' title='bbox 338 2970 416 3005; x_wconf 84' lang='lat' dir='ltr'>Cic.</span> <span class='ocrx_word' id='word_1_272' title='bbox 450 2968 496 3005; x_wconf 85' lang='lat' dir='ltr'>de</span> <span class='ocrx_word' id='word_1_273' title='bbox 529 2969 598 3015; x_wconf 82' lang='lat' dir='ltr'>leg.</span> <span class='ocrx_word' id='word_1_274' title='bbox 633 2972 664 3006; x_wconf 89' lang='lat' dir='ltr'>II</span> <span class='ocrx_word' id='word_1_275' title='bbox 697 2972 758 3006; x_wconf 78' lang='lat'>64:</span> <span class='ocrx_word' id='word_1_276' title='bbox 801 2973 985 3013; x_wconf 65' lang='lat' dir='ltr'>sepulcris</span> <span class='ocrx_word' id='word_1_277' title='bbox 1003 2978 1119 3004; x_wconf 75' lang='lat' dir='ltr'>autem</span> <span class='ocrx_word' id='word_1_278' title='bbox 1139 2975 1236 3004; x_wconf 72' lang='lat' dir='ltr'>novis</span> <span class='ocrx_word' id='word_1_279' title='bbox 1253 2974 1380 3016; x_wconf 70' lang='lat' dir='ltr'><em>finivit</em></span> <span class='ocrx_word' id='word_1_280' title='bbox 1398 2973 1557 3004; x_wconf 80' lang='lat' dir='ltr'>modum:</span> <span class='ocrx_word' id='word_1_281' title='bbox 1582 2983 1660 3002; x_wconf 78' lang='lat' dir='ltr'>nam</span> <span class='ocrx_word' id='word_1_282' title='bbox 1679 2975 1788 3011; x_wconf 75' lang='lat' dir='ltr'>super</span> <span class='ocrx_word' id='word_1_283' title='bbox 1805 2975 1929 3000; x_wconf 73' lang='lat' dir='ltr'>terrae</span> 
     </span>
     <span class='ocr_line' id='line_1_34' title="bbox 162 3032 1930 3071; baseline -0.001 -10"><span class='ocrx_word' id='word_1_284' title='bbox 162 3033 329 3062; x_wconf 80' lang='lat' dir='ltr'>tumulum</span> <span class='ocrx_word' id='word_1_285' title='bbox 356 3032 464 3062; x_wconf 77' lang='lat' dir='ltr'>noluit</span> <span class='ocrx_word' id='word_1_286' title='bbox 490 3032 578 3071; x_wconf 80' lang='lat' dir='ltr'>quid</span> <span class='ocrx_word' id='word_1_287' title='bbox 601 3033 716 3062; x_wconf 73' lang='lat' dir='ltr'>statui</span> <span class='ocrx_word' id='word_1_288' title='bbox 737 3034 806 3063; x_wconf 81' lang='lat' dir='ltr'>m&#39;sz&#39;</span> <span class='ocrx_word' id='word_1_289' title='bbox 831 3034 1047 3064; x_wconf 74' lang='lat' dir='ltr'>columellam</span> <span class='ocrx_word' id='word_1_290' title='bbox 1074 3034 1189 3064; x_wconf 77' lang='lat' dir='ltr'>tribus</span> <span class='ocrx_word' id='word_1_291' title='bbox 1216 3034 1341 3064; x_wconf 76' lang='lat' dir='ltr'>cubitis</span> <span class='ocrx_word' id='word_1_292' title='bbox 1367 3044 1407 3063; x_wconf 76' lang='grc' dir='ltr'>ηε</span> <span class='ocrx_word' id='word_1_293' title='bbox 1434 3033 1595 3063; x_wconf 76' lang='lat' dir='ltr'>altiorem</span> <span class='ocrx_word' id='word_1_294' title='bbox 1616 3036 1679 3061; x_wconf 75' lang='lat' dir='ltr'>aut</span> <span class='ocrx_word' id='word_1_295' title='bbox 1697 3041 1847 3061; x_wconf 75' lang='lat' dir='ltr'>mensam</span> <span class='ocrx_word' id='word_1_296' title='bbox 1867 3034 1930 3060; x_wconf 78' lang='lat' dir='ltr'>aut</span> 
     </span>
    </p>
   </div>
   <div class='ocr_carea' id='block_1_4' title="bbox 162 3087 1927 3135">
    <p class='ocr_par' dir='ltr' id='par_1_8' title="bbox 162 3087 1927 3135">
     <span class='ocr_line' id='line_1_35' title="bbox 162 3087 1927 3135; baseline 0.001 -14"><span class='ocrx_word' id='word_1_297' title='bbox 162 3091 343 3129; x_wconf 81' lang='lat' dir='ltr'>labellum;</span> <span class='ocrx_word' id='word_1_298' title='bbox 362 3095 396 3121; x_wconf 84' lang='lat' dir='ltr'>et</span> <span class='ocrx_word' id='word_1_299' title='bbox 412 3091 491 3121; x_wconf 78' lang='lat' dir='ltr'>huic</span> <span class='ocrx_word' id='word_1_300' title='bbox 502 3093 753 3130; x_wconf 76' lang='lat' dir='ltr'>procurationi</span> <span class='ocrx_word' id='word_1_301' title='bbox 768 3097 901 3123; x_wconf 79' lang='lat' dir='ltr'>certum</span> <span class='ocrx_word' id='word_1_302' title='bbox 922 3093 1178 3134; x_wconf 71' lang='lat' dir='ltr'>magistratum</span> <span class='ocrx_word' id='word_1_303' title='bbox 1190 3093 1440 3135; x_wconf 73' lang='lat' dir='ltr'>praefecerat.</span> <span class='ocrx_word' id='word_1_304' title='bbox 1477 3088 1549 3134; x_wconf 77' lang='lat' dir='ltr'><strong>(Cf,</strong></span> <span class='ocrx_word' id='word_1_305' title='bbox 1570 3087 1795 3128; x_wconf 84' lang='lat' dir='ltr'>Brueckner,</span> <span class='ocrx_word' id='word_1_306' title='bbox 1816 3087 1927 3122; x_wconf 78' lang='lat' dir='ltr'>Arch.</span> 
     </span>
    </p>
   </div>
   <div class='ocr_carea' id='block_1_5' title="bbox 162 3148 484 3191">
    <p class='ocr_par' dir='ltr' id='par_1_9' title="bbox 162 3148 484 3191">
     <span class='ocr_line' id='line_1_36' title="bbox 162 3148 484 3191; baseline 0 -8"><span class='ocrx_word' id='word_1_307' title='bbox 162 3149 258 3183; x_wconf 85' lang='lat' dir='ltr'>Anz.</span> <span class='ocrx_word' id='word_1_308' title='bbox 289 3149 388 3189; x_wconf 84' lang='lat'>1892,</span> <span class='ocrx_word' id='word_1_309' title='bbox 415 3148 484 3191; x_wconf 84' lang='lat'>23).</span> 
     </span>
    </p>
   </div>
  </div>
 </body>
</html>
