<?xml version="1.0" encoding="UTF-8"?>
<!DOCTYPE html PUBLIC "-//W3C//DTD XHTML 1.0 Transitional//EN"
    "http://www.w3.org/TR/xhtml1/DTD/xhtml1-transitional.dtd">
<html xmlns="http://www.w3.org/1999/xhtml" xml:lang="en" lang="en">
 <head>
  <title>
</title>
<meta http-equiv="Content-Type" content="text/html;charset=utf-8" />
  <meta name='ocr-system' content='tesseract 3.04.00' />
  <meta name='ocr-capabilities' content='ocr_page ocr_carea ocr_par ocr_line ocrx_word'/>
</head>
<body>
  <div class='ocr_page' id='page_1' title='image "./degraecorumritib00nawruoft_0024.png"; bbox 0 0 2154 3403; ppageno 0'>
   <div class='ocr_carea' id='block_1_1' title="bbox 1109 94 1166 137">
    <p class='ocr_par' dir='ltr' id='par_1_1' title="bbox 1109 94 1166 137">
     <span class='ocr_line' id='line_1_1' title="bbox 1109 94 1166 137; baseline 0 0"><span class='ocrx_word' id='word_1_1' title='bbox 1109 94 1166 137; x_wconf 82' lang='lat'>24</span> 
     </span>
    </p>
   </div>
   <div class='ocr_carea' id='block_1_2' title="bbox 239 245 2019 2711">
    <p class='ocr_par' dir='ltr' id='par_1_2' title="bbox 252 245 2019 657">
     <span class='ocr_line' id='line_1_2' title="bbox 257 245 2019 304; baseline 0.001 -14"><span class='ocrx_word' id='word_1_2' title='bbox 257 264 356 290; x_wconf 90' lang='lat' dir='ltr'>cum</span> <span class='ocrx_word' id='word_1_3' title='bbox 376 245 501 290; x_wconf 90' lang='lat' dir='ltr'>haud</span> <span class='ocrx_word' id='word_1_4' title='bbox 524 246 641 290; x_wconf 90' lang='lat' dir='ltr'>adsit</span> <span class='ocrx_word' id='word_1_5' title='bbox 664 246 845 291; x_wconf 86' lang='lat' dir='ltr'>lavandi</span> <span class='ocrx_word' id='word_1_6' title='bbox 870 264 1014 298; x_wconf 89' lang='lat' dir='ltr'>causa,</span> <span class='ocrx_word' id='word_1_7' title='bbox 1039 247 1257 304; x_wconf 81' lang='lat' dir='ltr'>adposuit</span> <span class='ocrx_word' id='word_1_8' title='bbox 1279 246 1452 298; x_wconf 81' lang='lat' dir='ltr'>artifeX,</span> <span class='ocrx_word' id='word_1_9' title='bbox 1479 255 1527 291; x_wconf 90' lang='lat' dir='ltr'>ut</span> <span class='ocrx_word' id='word_1_10' title='bbox 1544 246 1705 291; x_wconf 90' lang='lat' dir='ltr'>melius</span> <span class='ocrx_word' id='word_1_11' title='bbox 1723 248 2019 303; x_wconf 82' lang='lat' dir='ltr'><strong>perspiciatur</strong></span> 
     </span>
     <span class='ocr_line' id='line_1_3' title="bbox 256 317 2015 374; baseline 0.002 -15"><span class='ocrx_word' id='word_1_12' title='bbox 256 318 674 373; x_wconf 68' lang='lat' dir='ltr'>repraesentationis</span> <span class='ocrx_word' id='word_1_13' title='bbox 693 326 1007 374; x_wconf 73' lang='lat' dir='ltr'>argumentum</span> <span class='ocrx_word' id='word_1_14' title='bbox 1027 317 1228 374; x_wconf 87' lang='lat' dir='ltr'>nuptiale</span> <span class='ocrx_word' id='word_1_15' title='bbox 1253 319 1286 371; x_wconf 92' lang='lat'>).</span> <span class='ocrx_word' id='word_1_16' title='bbox 1321 317 1535 361; x_wconf 87' lang='lat' dir='ltr'>Medium</span> <span class='ocrx_word' id='word_1_17' title='bbox 1553 325 1673 361; x_wconf 85' lang='lat' dir='ltr'>tenet</span> <span class='ocrx_word' id='word_1_18' title='bbox 1692 318 1820 374; x_wconf 85' lang='lat' dir='ltr'>virgo</span> <span class='ocrx_word' id='word_1_19' title='bbox 1839 317 2015 368; x_wconf 89' lang='lat' dir='ltr'>sedens,</span> 
     </span>
     <span class='ocr_line' id='line_1_4' title="bbox 255 387 2016 444; baseline 0.001 -14"><span class='ocrx_word' id='word_1_20' title='bbox 255 395 355 431; x_wconf 85' lang='lat' dir='ltr'>ante</span> <span class='ocrx_word' id='word_1_21' title='bbox 401 404 497 431; x_wconf 90' lang='lat' dir='ltr'>eam</span> <span class='ocrx_word' id='word_1_22' title='bbox 540 405 682 431; x_wconf 87' lang='lat' dir='ltr'>arcam</span> <span class='ocrx_word' id='word_1_23' title='bbox 726 396 882 432; x_wconf 91' lang='lat' dir='ltr'>tenens</span> <span class='ocrx_word' id='word_1_24' title='bbox 926 388 1125 442; x_wconf 92' lang='lat' dir='ltr'>(mundo</span> <span class='ocrx_word' id='word_1_25' title='bbox 1169 388 1454 444; x_wconf 79' lang='lat' dir='ltr'>completam,</span> <span class='ocrx_word' id='word_1_26' title='bbox 1499 395 1548 431; x_wconf 91' lang='lat' dir='ltr'>ut</span> <span class='ocrx_word' id='word_1_27' title='bbox 1589 387 1860 432; x_wconf 82' lang='lat' dir='ltr'>concludere</span> <span class='ocrx_word' id='word_1_28' title='bbox 1901 387 2016 439; x_wconf 88' lang='lat' dir='ltr'>licet,</span> 
     </span>
     <span class='ocr_line' id='line_1_5' title="bbox 255 458 2017 521; baseline 0.001 -20"><span class='ocrx_word' id='word_1_29' title='bbox 255 458 487 521; x_wconf 86' lang='lat' dir='ltr'>muliebri)</span> <span class='ocrx_word' id='word_1_30' title='bbox 522 466 606 502; x_wconf 87' lang='lat' dir='ltr'>stat</span> <span class='ocrx_word' id='word_1_31' title='bbox 628 460 958 513; x_wconf 52' lang='grc' dir='ltr'>νιχιιᾳόκόμοςΐ),</span> <span class='ocrx_word' id='word_1_32' title='bbox 989 476 1012 502; x_wconf 87' lang='lat' dir='ltr'>a</span> <span class='ocrx_word' id='word_1_33' title='bbox 1036 476 1230 516; x_wconf 82' lang='lat' dir='ltr'>sponsae</span> <span class='ocrx_word' id='word_1_34' title='bbox 1264 466 1390 515; x_wconf 86' lang='lat' dir='ltr'>tergo</span> <span class='ocrx_word' id='word_1_35' title='bbox 1423 458 1497 502; x_wconf 90' lang='lat' dir='ltr'>illa</span> <span class='ocrx_word' id='word_1_36' title='bbox 1531 475 1670 515; x_wconf 89' lang='lat' dir='ltr'>quam</span> <span class='ocrx_word' id='word_1_37' title='bbox 1702 459 1789 502; x_wconf 87' lang='lat' dir='ltr'>iam</span> <span class='ocrx_word' id='word_1_38' title='bbox 1824 475 2017 503; x_wconf 87' lang='lat' dir='ltr'>comme-</span> 
     </span>
     <span class='ocr_line' id='line_1_6' title="bbox 255 529 2018 586; baseline 0.001 -14"><span class='ocrx_word' id='word_1_39' title='bbox 255 530 529 573; x_wconf 87' lang='lat' dir='ltr'>moravimus</span> <span class='ocrx_word' id='word_1_40' title='bbox 569 529 735 573; x_wconf 84' lang='lat' dir='ltr'>femina</span> <span class='ocrx_word' id='word_1_41' title='bbox 776 529 1097 586; x_wconf 86' lang='lat' dir='ltr'>lutrophorum</span> <span class='ocrx_word' id='word_1_42' title='bbox 1137 529 1313 573; x_wconf 87' lang='lat' dir='ltr'>tollens.</span> <span class='ocrx_word' id='word_1_43' title='bbox 1385 530 1586 573; x_wconf 87' lang='lat' dir='ltr'>Coronis</span> <span class='ocrx_word' id='word_1_44' title='bbox 1625 536 1718 573; x_wconf 87' lang='lat' dir='ltr'>tota</span> <span class='ocrx_word' id='word_1_45' title='bbox 1758 537 1913 573; x_wconf 87' lang='lat' dir='ltr'>ornata</span> <span class='ocrx_word' id='word_1_46' title='bbox 1952 537 2018 573; x_wconf 90' lang='lat' dir='ltr'>est</span> 
     </span>
     <span class='ocr_line' id='line_1_7' title="bbox 252 599 1838 657; baseline 0.001 -14"><span class='ocrx_word' id='word_1_47' title='bbox 252 600 577 655; x_wconf 74' lang='lat' dir='ltr'>gynaeconitis,</span> <span class='ocrx_word' id='word_1_48' title='bbox 613 618 726 657; x_wconf 88' lang='lat' dir='ltr'>quas</span> <span class='ocrx_word' id='word_1_49' title='bbox 760 618 935 657; x_wconf 87' lang='lat' dir='ltr'>semper</span> <span class='ocrx_word' id='word_1_50' title='bbox 967 601 1224 645; x_wconf 82' lang='lat' dir='ltr'>invenimus</span> <span class='ocrx_word' id='word_1_51' title='bbox 1258 601 1301 643; x_wconf 92' lang='lat' dir='ltr'>in</span> <span class='ocrx_word' id='word_1_52' title='bbox 1338 601 1508 643; x_wconf 83' lang='lat' dir='ltr'>scaenis</span> <span class='ocrx_word' id='word_1_53' title='bbox 1541 599 1838 656; x_wconf 85' lang='lat' dir='ltr'>nuptialibus.</span> 
     </span>
    </p>

    <p class='ocr_par' dir='ltr' id='par_1_3' title="bbox 249 670 2016 1152">
     <span class='ocr_line' id='line_1_8' title="bbox 371 670 2016 729; baseline 0 -15"><span class='ocrx_word' id='word_1_54' title='bbox 371 672 812 727; x_wconf 86' lang='lat' dir='ltr'>Repraesentationis</span> <span class='ocrx_word' id='word_1_55' title='bbox 846 671 1044 729; x_wconf 86' lang='lat' dir='ltr'>quadam</span> <span class='ocrx_word' id='word_1_56' title='bbox 1078 670 1361 727; x_wconf 84' lang='lat' dir='ltr'>simplicitate</span> <span class='ocrx_word' id='word_1_57' title='bbox 1395 670 1531 714; x_wconf 90' lang='lat' dir='ltr'>huius</span> <span class='ocrx_word' id='word_1_58' title='bbox 1555 672 1753 726; x_wconf 85' lang='lat' dir='ltr'>picturae</span> <span class='ocrx_word' id='word_1_59' title='bbox 1778 670 2016 727; x_wconf 87' lang='lat' dir='ltr'>persimilis</span> 
     </span>
     <span class='ocr_line' id='line_1_9' title="bbox 252 742 2014 799; baseline 0.001 -14"><span class='ocrx_word' id='word_1_60' title='bbox 252 749 318 786; x_wconf 90' lang='lat' dir='ltr'>est</span> <span class='ocrx_word' id='word_1_61' title='bbox 355 743 488 798; x_wconf 86' lang='lat' dir='ltr'>pyxis</span> <span class='ocrx_word' id='word_1_62' title='bbox 528 743 790 786; x_wconf 85' lang='lat' dir='ltr'>Eretriensis</span> <span class='ocrx_word' id='word_1_63' title='bbox 830 742 986 798; x_wconf 89' lang='lat' dir='ltr'>figuris</span> <span class='ocrx_word' id='word_1_64' title='bbox 1034 742 1181 786; x_wconf 89' lang='lat' dir='ltr'>rubris</span> <span class='ocrx_word' id='word_1_65' title='bbox 1231 749 1385 785; x_wconf 85' lang='lat' dir='ltr'>ornata</span> <span class='ocrx_word' id='word_1_66' title='bbox 1428 742 1587 797; x_wconf 87' lang='lat' dir='ltr'>partim</span> <span class='ocrx_word' id='word_1_67' title='bbox 1636 742 1850 785; x_wconf 84' lang='lat' dir='ltr'>inauratis</span> <span class='ocrx_word' id='word_1_68' title='bbox 1898 759 2014 799; x_wconf 85' lang='lat' dir='ltr'>quae</span> 
     </span>
     <span class='ocr_line' id='line_1_10' title="bbox 251 811 2014 868; baseline 0 -12"><span class='ocrx_word' id='word_1_69' title='bbox 251 812 390 856; x_wconf 92' lang='lat' dir='ltr'>hodie</span> <span class='ocrx_word' id='word_1_70' title='bbox 424 820 489 856; x_wconf 90' lang='lat' dir='ltr'>est</span> <span class='ocrx_word' id='word_1_71' title='bbox 523 812 723 856; x_wconf 84' lang='lat' dir='ltr'>Berolini</span> <span class='ocrx_word' id='word_1_72' title='bbox 757 813 953 868; x_wconf 85' lang='lat' dir='ltr'>(publici</span> <span class='ocrx_word' id='word_1_73' title='bbox 988 813 1096 857; x_wconf 91' lang='lat' dir='ltr'>iuris</span> <span class='ocrx_word' id='word_1_74' title='bbox 1119 811 1233 856; x_wconf 87' lang='lat' dir='ltr'>facta</span> <span class='ocrx_word' id='word_1_75' title='bbox 1257 829 1279 855; x_wconf 89' lang='lat' dir='ltr'>a</span> <span class='ocrx_word' id='word_1_76' title='bbox 1306 811 1573 862; x_wconf 88' lang='lat' dir='ltr'>Deubnero,</span> <span class='ocrx_word' id='word_1_77' title='bbox 1607 811 1744 855; x_wconf 82' lang='lat' dir='ltr'>Arch.</span> <span class='ocrx_word' id='word_1_78' title='bbox 1765 811 1919 868; x_wconf 87' lang='lat' dir='ltr'>Jahrb.</span> <span class='ocrx_word' id='word_1_79' title='bbox 1949 814 2014 863; x_wconf 80' lang='lat'>15,</span> 
     </span>
     <span class='ocr_line' id='line_1_11' title="bbox 257 882 2015 940; baseline 0 -14"><span class='ocrx_word' id='word_1_80' title='bbox 257 885 368 928; x_wconf 81' lang='lat'>1900</span> <span class='ocrx_word' id='word_1_81' title='bbox 391 883 480 928; x_wconf 90' lang='lat' dir='ltr'>tab.</span> <span class='ocrx_word' id='word_1_82' title='bbox 505 884 568 937; x_wconf 85' lang='lat'>2).</span> <span class='ocrx_word' id='word_1_83' title='bbox 636 885 703 928; x_wconf 90' lang='lat' dir='ltr'>Ut</span> <span class='ocrx_word' id='word_1_84' title='bbox 726 883 895 928; x_wconf 83' lang='lat' dir='ltr'>vasculi</span> <span class='ocrx_word' id='word_1_85' title='bbox 919 883 1186 940; x_wconf 89' lang='lat' dir='ltr'>operculum</span> <span class='ocrx_word' id='word_1_86' title='bbox 1210 884 1341 939; x_wconf 88' lang='lat' dir='ltr'>quasi</span> <span class='ocrx_word' id='word_1_87' title='bbox 1370 882 1483 926; x_wconf 89' lang='lat' dir='ltr'>nihil</span> <span class='ocrx_word' id='word_1_88' title='bbox 1517 890 1582 927; x_wconf 88' lang='lat' dir='ltr'>est</span> <span class='ocrx_word' id='word_1_89' title='bbox 1614 884 1699 926; x_wconf 89' lang='lat' dir='ltr'>nisi</span> <span class='ocrx_word' id='word_1_90' title='bbox 1733 882 1867 926; x_wconf 86' lang='lat' dir='ltr'>altera</span> <span class='ocrx_word' id='word_1_91' title='bbox 1900 883 2015 926; x_wconf 91' lang='lat' dir='ltr'>eius-</span> 
     </span>
     <span class='ocr_line' id='line_1_12' title="bbox 252 952 2013 1011; baseline -0.001 -13"><span class='ocrx_word' id='word_1_92' title='bbox 252 954 377 998; x_wconf 87' lang='lat' dir='ltr'>modi</span> <span class='ocrx_word' id='word_1_93' title='bbox 427 956 560 1011; x_wconf 83' lang='lat' dir='ltr'>pyxis</span> <span class='ocrx_word' id='word_1_94' title='bbox 611 954 834 999; x_wconf 84' lang='lat' dir='ltr'>diminuta</span> <span class='ocrx_word' id='word_1_95' title='bbox 884 955 1094 1010; x_wconf 88' lang='lat' dir='ltr'>imposita</span> <span class='ocrx_word' id='word_1_96' title='bbox 1144 954 1317 1003; x_wconf 85' lang='lat' dir='ltr'>maiori,</span> <span class='ocrx_word' id='word_1_97' title='bbox 1367 954 1424 997; x_wconf 86' lang='lat' dir='ltr'>ita</span> <span class='ocrx_word' id='word_1_98' title='bbox 1469 971 1662 1010; x_wconf 87' lang='lat' dir='ltr'>sponsae</span> <span class='ocrx_word' id='word_1_99' title='bbox 1702 954 1893 1004; x_wconf 89' lang='lat' dir='ltr'>ornatio,</span> <span class='ocrx_word' id='word_1_100' title='bbox 1935 952 2013 997; x_wconf 91' lang='lat' dir='ltr'>ubi</span> 
     </span>
     <span class='ocr_line' id='line_1_13' title="bbox 249 1024 2013 1082; baseline 0 -14"><span class='ocrx_word' id='word_1_101' title='bbox 249 1025 396 1069; x_wconf 76' lang='lat' dir='ltr'>Amor</span> <span class='ocrx_word' id='word_1_102' title='bbox 427 1027 523 1082; x_wconf 92' lang='lat' dir='ltr'>ipse</span> <span class='ocrx_word' id='word_1_103' title='bbox 559 1027 834 1079; x_wconf 55' lang='grc' dir='ltr'>ιἰῃιιφοκόμωυ</span> <span class='ocrx_word' id='word_1_104' title='bbox 864 1024 1069 1081; x_wconf 86' lang='lat' dir='ltr'>fungitur</span> <span class='ocrx_word' id='word_1_105' title='bbox 1092 1042 1290 1073; x_wconf 91' lang='lat' dir='ltr'>munere,</span> <span class='ocrx_word' id='word_1_106' title='bbox 1325 1024 1395 1069; x_wconf 89' lang='lat' dir='ltr'>vel</span> <span class='ocrx_word' id='word_1_107' title='bbox 1429 1025 1473 1068; x_wconf 88' lang='lat' dir='ltr'>in</span> <span class='ocrx_word' id='word_1_108' title='bbox 1499 1024 1716 1081; x_wconf 90' lang='lat' dir='ltr'>operculo</span> <span class='ocrx_word' id='word_1_109' title='bbox 1741 1024 2013 1081; x_wconf 87' lang='lat' dir='ltr'>compluries</span> 
     </span>
     <span class='ocr_line' id='line_1_14' title="bbox 250 1095 1303 1152; baseline -0.002 -12"><span class='ocrx_word' id='word_1_110' title='bbox 250 1104 315 1140; x_wconf 89' lang='lat' dir='ltr'>est</span> <span class='ocrx_word' id='word_1_111' title='bbox 346 1097 531 1152; x_wconf 88' lang='lat' dir='ltr'>repetita</span> <span class='ocrx_word' id='word_1_112' title='bbox 566 1096 709 1140; x_wconf 88' lang='lat' dir='ltr'>forma</span> <span class='ocrx_word' id='word_1_113' title='bbox 745 1095 981 1152; x_wconf 88' lang='lat' dir='ltr'>paululum</span> <span class='ocrx_word' id='word_1_114' title='bbox 1017 1103 1303 1139; x_wconf 84' lang='lat' dir='ltr'>commutata.</span> 
     </span>
    </p>

    <p class='ocr_par' dir='ltr' id='par_1_4' title="bbox 239 1165 2012 2711">
     <span class='ocr_line' id='line_1_15' title="bbox 368 1165 2012 1224; baseline -0.001 -13"><span class='ocrx_word' id='word_1_115' title='bbox 368 1169 502 1224; x_wconf 71' lang='lat' dir='ltr'>Quae</span> <span class='ocrx_word' id='word_1_116' title='bbox 526 1166 705 1211; x_wconf 90' lang='lat' dir='ltr'>vascula</span> <span class='ocrx_word' id='word_1_117' title='bbox 729 1167 879 1210; x_wconf 77' lang='lat' dir='ltr'>Attica</span> <span class='ocrx_word' id='word_1_118' title='bbox 913 1183 1014 1210; x_wconf 91' lang='lat' dir='ltr'>cum</span> <span class='ocrx_word' id='word_1_119' title='bbox 1045 1165 1264 1210; x_wconf 84' lang='lat' dir='ltr'>excellant</span> <span class='ocrx_word' id='word_1_120' title='bbox 1296 1165 1580 1222; x_wconf 86' lang='lat' dir='ltr'>simplicitate</span> <span class='ocrx_word' id='word_1_121' title='bbox 1614 1165 1813 1222; x_wconf 88' lang='lat' dir='ltr'>quadam</span> <span class='ocrx_word' id='word_1_122' title='bbox 1846 1165 2012 1210; x_wconf 86' lang='lat' dir='ltr'>artifice</span> 
     </span>
     <span class='ocr_line' id='line_1_16' title="bbox 249 1236 2011 1294; baseline -0.001 -13"><span class='ocrx_word' id='word_1_123' title='bbox 249 1254 452 1281; x_wconf 88' lang='lat' dir='ltr'>scaenam</span> <span class='ocrx_word' id='word_1_124' title='bbox 478 1239 713 1294; x_wconf 79' lang='lat' dir='ltr'>perpaucis</span> <span class='ocrx_word' id='word_1_125' title='bbox 734 1236 1033 1281; x_wconf 82' lang='lat' dir='ltr'>concludente</span> <span class='ocrx_word' id='word_1_126' title='bbox 1053 1237 1258 1293; x_wconf 90' lang='lat' dir='ltr'>personis</span> <span class='ocrx_word' id='word_1_127' title='bbox 1277 1238 1550 1287; x_wconf 86' lang='lat' dir='ltr'>necessariis,</span> <span class='ocrx_word' id='word_1_128' title='bbox 1567 1236 1698 1281; x_wconf 90' lang='lat' dir='ltr'>valde</span> <span class='ocrx_word' id='word_1_129' title='bbox 1722 1236 1967 1280; x_wconf 89' lang='lat' dir='ltr'>abhorrent</span> <span class='ocrx_word' id='word_1_130' title='bbox 1989 1253 2011 1280; x_wconf 89' lang='lat' dir='ltr'>a</span> 
     </span>
     <span class='ocr_line' id='line_1_17' title="bbox 249 1307 2011 1365; baseline -0.001 -13"><span class='ocrx_word' id='word_1_131' title='bbox 249 1316 398 1364; x_wconf 86' lang='lat' dir='ltr'>patera</span> <span class='ocrx_word' id='word_1_132' title='bbox 414 1308 488 1353; x_wconf 88' lang='lat' dir='ltr'>illa</span> <span class='ocrx_word' id='word_1_133' title='bbox 506 1309 743 1365; x_wconf 85' lang='lat' dir='ltr'>magnifica</span> <span class='ocrx_word' id='word_1_134' title='bbox 760 1317 930 1365; x_wconf 87' lang='lat' dir='ltr'>reperta</span> <span class='ocrx_word' id='word_1_135' title='bbox 950 1308 1007 1352; x_wconf 89' lang='lat' dir='ltr'>ad</span> <span class='ocrx_word' id='word_1_136' title='bbox 1028 1309 1376 1364; x_wconf 84' lang='lat' dir='ltr'>Panticapaeum</span> <span class='ocrx_word' id='word_1_137' title='bbox 1396 1307 1632 1363; x_wconf 85' lang='lat' dir='ltr'>(Kertsch)</span> <span class='ocrx_word' id='word_1_138' title='bbox 1653 1325 1769 1365; x_wconf 88' lang='lat' dir='ltr'>quae</span> <span class='ocrx_word' id='word_1_139' title='bbox 1788 1309 1833 1351; x_wconf 93' lang='lat' dir='ltr'>in</span> <span class='ocrx_word' id='word_1_140' title='bbox 1852 1324 2011 1351; x_wconf 90' lang='lat' dir='ltr'>museo</span> 
     </span>
     <span class='ocr_line' id='line_1_18' title="bbox 247 1379 2011 1436; baseline 0 -14"><span class='ocrx_word' id='word_1_141' title='bbox 247 1387 498 1424; x_wconf 86' lang='lat' dir='ltr'>asservatur</span> <span class='ocrx_word' id='word_1_142' title='bbox 523 1379 864 1436; x_wconf 84' lang='lat' dir='ltr'>Petropolitano</span> <span class='ocrx_word' id='word_1_143' title='bbox 890 1381 1032 1434; x_wconf 73' lang='lat' dir='ltr'><strong>(E-R.</strong></span> <span class='ocrx_word' id='word_1_144' title='bbox 1057 1379 1147 1423; x_wconf 88' lang='lat' dir='ltr'>tab.</span> <span class='ocrx_word' id='word_1_145' title='bbox 1171 1380 1265 1433; x_wconf 76' lang='lat'>68).</span> <span class='ocrx_word' id='word_1_146' title='bbox 1328 1380 1484 1423; x_wconf 89' lang='lat' dir='ltr'>Huius</span> <span class='ocrx_word' id='word_1_147' title='bbox 1508 1396 1698 1436; x_wconf 90' lang='lat' dir='ltr'>quoque</span> <span class='ocrx_word' id='word_1_148' title='bbox 1723 1386 1898 1435; x_wconf 87' lang='lat' dir='ltr'>paterae</span> <span class='ocrx_word' id='word_1_149' title='bbox 1922 1395 2011 1422; x_wconf 87' lang='lat' dir='ltr'>ma-</span> 
     </span>
     <span class='ocr_line' id='line_1_19' title="bbox 245 1449 2011 1507; baseline -0.001 -12"><span class='ocrx_word' id='word_1_150' title='bbox 245 1467 446 1507; x_wconf 86' lang='lat' dir='ltr'>gnopere</span> <span class='ocrx_word' id='word_1_151' title='bbox 460 1450 618 1495; x_wconf 88' lang='lat' dir='ltr'>artifex</span> <span class='ocrx_word' id='word_1_152' title='bbox 633 1468 816 1507; x_wconf 87' lang='lat' dir='ltr'>operam</span> <span class='ocrx_word' id='word_1_153' title='bbox 829 1453 1011 1495; x_wconf 90' lang='lat' dir='ltr'>navavit</span> <span class='ocrx_word' id='word_1_154' title='bbox 1024 1449 1255 1507; x_wconf 88' lang='lat' dir='ltr'>operculo.</span> <span class='ocrx_word' id='word_1_155' title='bbox 1292 1451 1381 1501; x_wconf 84' lang='lat' dir='ltr'>Est,</span> <span class='ocrx_word' id='word_1_156' title='bbox 1397 1457 1445 1494; x_wconf 90' lang='lat' dir='ltr'>ut</span> <span class='ocrx_word' id='word_1_157' title='bbox 1457 1451 1516 1493; x_wconf 91' lang='lat' dir='ltr'>ita</span> <span class='ocrx_word' id='word_1_158' title='bbox 1530 1449 1690 1501; x_wconf 89' lang='lat' dir='ltr'>dicam,</span> <span class='ocrx_word' id='word_1_159' title='bbox 1706 1450 1846 1493; x_wconf 83' lang='lat' dir='ltr'>totius</span> <span class='ocrx_word' id='word_1_160' title='bbox 1861 1450 2011 1506; x_wconf 86' lang='lat' dir='ltr'>operis</span> 
     </span>
     <span class='ocr_line' id='line_1_20' title="bbox 247 1520 2010 1578; baseline -0.001 -12"><span class='ocrx_word' id='word_1_161' title='bbox 247 1538 347 1578; x_wconf 90' lang='lat' dir='ltr'>pars</span> <span class='ocrx_word' id='word_1_162' title='bbox 366 1521 625 1578; x_wconf 91' lang='lat' dir='ltr'>principalis</span> <span class='ocrx_word' id='word_1_163' title='bbox 645 1530 687 1566; x_wconf 92' lang='lat' dir='ltr'>et</span> <span class='ocrx_word' id='word_1_164' title='bbox 704 1522 763 1566; x_wconf 88' lang='lat' dir='ltr'>ita</span> <span class='ocrx_word' id='word_1_165' title='bbox 782 1529 1103 1572; x_wconf 87' lang='lat' dir='ltr'>constructum,</span> <span class='ocrx_word' id='word_1_166' title='bbox 1123 1529 1173 1565; x_wconf 91' lang='lat' dir='ltr'>ut</span> <span class='ocrx_word' id='word_1_167' title='bbox 1190 1522 1340 1578; x_wconf 91' lang='lat' dir='ltr'>ipsum</span> <span class='ocrx_word' id='word_1_168' title='bbox 1354 1538 1544 1578; x_wconf 87' lang='lat' dir='ltr'>quoque</span> <span class='ocrx_word' id='word_1_169' title='bbox 1557 1520 1686 1565; x_wconf 89' lang='lat' dir='ltr'>liceat</span> <span class='ocrx_word' id='word_1_170' title='bbox 1698 1537 1866 1577; x_wconf 91' lang='lat' dir='ltr'>ponere</span> <span class='ocrx_word' id='word_1_171' title='bbox 1880 1521 2010 1577; x_wconf 89' lang='lat' dir='ltr'>quasi</span> 
     </span>
     <span class='ocr_line' id='line_1_21' title="bbox 247 1591 2009 1649; baseline -0.001 -13"><span class='ocrx_word' id='word_1_172' title='bbox 247 1591 429 1636; x_wconf 88' lang='lat' dir='ltr'>alteram</span> <span class='ocrx_word' id='word_1_173' title='bbox 453 1600 664 1649; x_wconf 89' lang='lat' dir='ltr'>pateram.</span> <span class='ocrx_word' id='word_1_174' title='bbox 722 1592 863 1636; x_wconf 90' lang='lat' dir='ltr'>Haud</span> <span class='ocrx_word' id='word_1_175' title='bbox 885 1600 950 1636; x_wconf 92' lang='lat' dir='ltr'>est</span> <span class='ocrx_word' id='word_1_176' title='bbox 968 1591 1096 1636; x_wconf 85' lang='lat' dir='ltr'>facile</span> <span class='ocrx_word' id='word_1_177' title='bbox 1116 1609 1138 1636; x_wconf 92' lang='lat' dir='ltr'>e</span> <span class='ocrx_word' id='word_1_178' title='bbox 1156 1591 1450 1636; x_wconf 90' lang='lat' dir='ltr'>multitudine</span> <span class='ocrx_word' id='word_1_179' title='bbox 1468 1591 1737 1636; x_wconf 87' lang='lat' dir='ltr'>feminarum</span> <span class='ocrx_word' id='word_1_180' title='bbox 1757 1591 2009 1636; x_wconf 90' lang='lat' dir='ltr'>secundum</span> 
     </span>
     <span class='ocr_line' id='line_1_22' title="bbox 247 1662 2007 1721; baseline -0.001 -14"><span class='ocrx_word' id='word_1_181' title='bbox 247 1663 513 1719; x_wconf 88' lang='lat' dir='ltr'>Scytharum</span> <span class='ocrx_word' id='word_1_182' title='bbox 545 1672 729 1721; x_wconf 88' lang='lat' dir='ltr'>gustum</span> <span class='ocrx_word' id='word_1_183' title='bbox 764 1680 942 1707; x_wconf 92' lang='lat' dir='ltr'>summo</span> <span class='ocrx_word' id='word_1_184' title='bbox 968 1664 1227 1707; x_wconf 84' lang='lat' dir='ltr'>vestitarum</span> <span class='ocrx_word' id='word_1_185' title='bbox 1258 1662 1502 1720; x_wconf 90' lang='lat' dir='ltr'>splendore</span> <span class='ocrx_word' id='word_1_186' title='bbox 1526 1679 1756 1720; x_wconf 89' lang='lat' dir='ltr'>segregare</span> <span class='ocrx_word' id='word_1_187' title='bbox 1780 1679 2007 1719; x_wconf 87' lang='lat' dir='ltr'>sponsam.</span> 
     </span>
     <span class='ocr_line' id='line_1_23' title="bbox 247 1733 2008 1791; baseline -0.001 -13"><span class='ocrx_word' id='word_1_188' title='bbox 247 1735 479 1778; x_wconf 89' lang='lat' dir='ltr'>Nimirum</span> <span class='ocrx_word' id='word_1_189' title='bbox 513 1733 662 1778; x_wconf 91' lang='lat' dir='ltr'>solum</span> <span class='ocrx_word' id='word_1_190' title='bbox 697 1742 846 1791; x_wconf 91' lang='lat' dir='ltr'>potest</span> <span class='ocrx_word' id='word_1_191' title='bbox 878 1734 1071 1791; x_wconf 87' lang='lat' dir='ltr'>perspici</span> <span class='ocrx_word' id='word_1_192' title='bbox 1102 1735 1147 1777; x_wconf 92' lang='lat' dir='ltr'>in</span> <span class='ocrx_word' id='word_1_193' title='bbox 1179 1751 1267 1778; x_wconf 88' lang='lat' dir='ltr'>una</span> <span class='ocrx_word' id='word_1_194' title='bbox 1292 1751 1313 1778; x_wconf 89' lang='lat' dir='ltr'>e</span> <span class='ocrx_word' id='word_1_195' title='bbox 1337 1733 1494 1790; x_wconf 89' lang='lat' dir='ltr'>figuris</span> <span class='ocrx_word' id='word_1_196' title='bbox 1518 1733 1784 1778; x_wconf 84' lang='lat' dir='ltr'>sedentibus</span> <span class='ocrx_word' id='word_1_197' title='bbox 1808 1750 1888 1777; x_wconf 90' lang='lat' dir='ltr'>nec</span> <span class='ocrx_word' id='word_1_198' title='bbox 1912 1734 2008 1790; x_wconf 88' lang='lat' dir='ltr'>ipsa</span> 
     </span>
     <span class='ocr_line' id='line_1_24' title="bbox 244 1803 2008 1862; baseline -0.001 -13"><span class='ocrx_word' id='word_1_199' title='bbox 244 1813 415 1862; x_wconf 88' lang='lat' dir='ltr'>agente.</span> <span class='ocrx_word' id='word_1_200' title='bbox 481 1807 691 1862; x_wconf 78' lang='lat' dir='ltr'>Quarum</span> <span class='ocrx_word' id='word_1_201' title='bbox 725 1804 905 1849; x_wconf 88' lang='lat' dir='ltr'>alteram</span> <span class='ocrx_word' id='word_1_202' title='bbox 943 1813 991 1848; x_wconf 86' lang='lat' dir='ltr'>ut</span> <span class='ocrx_word' id='word_1_203' title='bbox 1024 1805 1204 1848; x_wconf 88' lang='lat' dir='ltr'>missam</span> <span class='ocrx_word' id='word_1_204' title='bbox 1237 1803 1396 1849; x_wconf 91' lang='lat' dir='ltr'>faciam</span> <span class='ocrx_word' id='word_1_205' title='bbox 1427 1803 1741 1861; x_wconf 88' lang='lat' dir='ltr'>compluribus</span> <span class='ocrx_word' id='word_1_206' title='bbox 1774 1811 2008 1861; x_wconf 88' lang='lat' dir='ltr'>permotus</span> 
     </span>
     <span class='ocr_line' id='line_1_25' title="bbox 244 1875 2007 1933; baseline -0.001 -13"><span class='ocrx_word' id='word_1_207' title='bbox 244 1893 343 1920; x_wconf 86' lang='lat' dir='ltr'>sum</span> <span class='ocrx_word' id='word_1_208' title='bbox 387 1877 550 1920; x_wconf 90' lang='lat' dir='ltr'>causis:</span> <span class='ocrx_word' id='word_1_209' title='bbox 597 1876 793 1933; x_wconf 86' lang='lat' dir='ltr'>primum</span> <span class='ocrx_word' id='word_1_210' title='bbox 841 1875 1066 1932; x_wconf 86' lang='lat' dir='ltr'>singulare</span> <span class='ocrx_word' id='word_1_211' title='bbox 1115 1883 1230 1919; x_wconf 91' lang='lat' dir='ltr'>esset</span> <span class='ocrx_word' id='word_1_212' title='bbox 1277 1892 1498 1932; x_wconf 90' lang='lat' dir='ltr'>sponsum</span> <span class='ocrx_word' id='word_1_213' title='bbox 1546 1900 1587 1905; x_wconf 81' lang='lat'>-</span> <span class='ocrx_word' id='word_1_214' title='bbox 1634 1876 1670 1919; x_wconf 91' lang='lat' dir='ltr'>si</span> <span class='ocrx_word' id='word_1_215' title='bbox 1716 1882 1830 1919; x_wconf 91' lang='lat' dir='ltr'>recte</span> <span class='ocrx_word' id='word_1_216' title='bbox 1876 1876 2007 1919; x_wconf 59' lang='lat' dir='ltr'>intera</span> 
     </span>
     <span class='ocr_line' id='line_1_26' title="bbox 244 1945 2007 2003; baseline 0 -13"><span class='ocrx_word' id='word_1_217' title='bbox 244 1954 395 2003; x_wconf 89' lang='lat' dir='ltr'>pretor</span> <span class='ocrx_word' id='word_1_218' title='bbox 441 1948 650 1991; x_wconf 90' lang='lat' dir='ltr'>iuvenem</span> <span class='ocrx_word' id='word_1_219' title='bbox 701 1947 781 2003; x_wconf 90' lang='lat' dir='ltr'>qui</span> <span class='ocrx_word' id='word_1_220' title='bbox 829 1945 885 1990; x_wconf 92' lang='lat' dir='ltr'>ab</span> <span class='ocrx_word' id='word_1_221' title='bbox 934 1946 1106 1990; x_wconf 74' lang='lat' dir='ltr'>Amore</span> <span class='ocrx_word' id='word_1_222' title='bbox 1153 1946 1367 1990; x_wconf 90' lang='lat' dir='ltr'>baculum</span> <span class='ocrx_word' id='word_1_223' title='bbox 1406 1945 1732 2002; x_wconf 88' lang='lat' dir='ltr'>complectente</span> <span class='ocrx_word' id='word_1_224' title='bbox 1775 1946 1904 2003; x_wconf 88' lang='lat' dir='ltr'>quasi</span> <span class='ocrx_word' id='word_1_225' title='bbox 1943 1963 2007 1990; x_wconf 88' lang='lat' dir='ltr'>re-</span> 
     </span>
     <span class='ocr_line' id='line_1_27' title="bbox 242 2016 2006 2074; baseline 0 -13"><span class='ocrx_word' id='word_1_226' title='bbox 242 2018 410 2061; x_wconf 91' lang='lat' dir='ltr'>tinetur</span> <span class='ocrx_word' id='word_1_227' title='bbox 435 2043 471 2048; x_wconf 90' lang='grc'>-</span> <span class='ocrx_word' id='word_1_228' title='bbox 499 2017 584 2061; x_wconf 91' lang='lat' dir='ltr'>hoc</span> <span class='ocrx_word' id='word_1_229' title='bbox 609 2017 797 2074; x_wconf 91' lang='lat' dir='ltr'>quidem</span> <span class='ocrx_word' id='word_1_230' title='bbox 831 2025 1032 2073; x_wconf 89' lang='lat' dir='ltr'>tempore</span> <span class='ocrx_word' id='word_1_231' title='bbox 1067 2017 1222 2061; x_wconf 90' lang='lat' dir='ltr'>adesse</span> <span class='ocrx_word' id='word_1_232' title='bbox 1256 2034 1464 2074; x_wconf 89' lang='lat' dir='ltr'>sponsae,</span> <span class='ocrx_word' id='word_1_233' title='bbox 1500 2017 1666 2061; x_wconf 89' lang='lat' dir='ltr'>deinde</span> <span class='ocrx_word' id='word_1_234' title='bbox 1700 2016 1828 2061; x_wconf 87' lang='lat' dir='ltr'>faciei</span> <span class='ocrx_word' id='word_1_235' title='bbox 1863 2016 2006 2062; x_wconf 88' lang='lat' dir='ltr'>forma</span> 
     </span>
     <span class='ocr_line' id='line_1_28' title="bbox 243 2087 2006 2145; baseline 0 -14"><span class='ocrx_word' id='word_1_236' title='bbox 243 2087 520 2145; x_wconf 87' lang='lat' dir='ltr'>habitusque</span> <span class='ocrx_word' id='word_1_237' title='bbox 555 2087 815 2132; x_wconf 89' lang='lat' dir='ltr'>matronalis</span> <span class='ocrx_word' id='word_1_238' title='bbox 839 2088 1041 2131; x_wconf 89' lang='lat' dir='ltr'>indicant</span> <span class='ocrx_word' id='word_1_239' title='bbox 1073 2088 1285 2132; x_wconf 87' lang='lat' dir='ltr'>artificem</span> <span class='ocrx_word' id='word_1_240' title='bbox 1322 2088 1566 2145; x_wconf 87' lang='lat' dir='ltr'>depingere</span> <span class='ocrx_word' id='word_1_241' title='bbox 1590 2087 1790 2132; x_wconf 88' lang='lat' dir='ltr'>voluisse</span> <span class='ocrx_word' id='word_1_242' title='bbox 1813 2105 2006 2144; x_wconf 90' lang='lat' dir='ltr'>sponsae</span> 
     </span>
     <span class='ocr_line' id='line_1_29' title="bbox 243 2159 2005 2216; baseline 0 -14"><span class='ocrx_word' id='word_1_243' title='bbox 243 2166 440 2203; x_wconf 90' lang='lat' dir='ltr'>matrem.</span> <span class='ocrx_word' id='word_1_244' title='bbox 507 2159 651 2202; x_wconf 88' lang='lat' dir='ltr'>Prima</span> <span class='ocrx_word' id='word_1_245' title='bbox 686 2160 905 2209; x_wconf 90' lang='lat' dir='ltr'>omnium,</span> <span class='ocrx_word' id='word_1_246' title='bbox 947 2166 996 2202; x_wconf 90' lang='lat' dir='ltr'>ut</span> <span class='ocrx_word' id='word_1_247' title='bbox 1029 2160 1242 2203; x_wconf 87' lang='lat' dir='ltr'>convenit</span> <span class='ocrx_word' id='word_1_248' title='bbox 1280 2166 1524 2209; x_wconf 87' lang='lat' dir='ltr'>matronae,</span> <span class='ocrx_word' id='word_1_249' title='bbox 1566 2166 1721 2202; x_wconf 85' lang='lat' dir='ltr'>ornata</span> <span class='ocrx_word' id='word_1_250' title='bbox 1755 2166 1821 2202; x_wconf 91' lang='lat' dir='ltr'>est</span> <span class='ocrx_word' id='word_1_251' title='bbox 1853 2160 2005 2216; x_wconf 89' lang='lat' dir='ltr'>(virgo</span> 
     </span>
     <span class='ocr_line' id='line_1_30' title="bbox 241 2228 2004 2286; baseline 0.001 -14"><span class='ocrx_word' id='word_1_252' title='bbox 241 2229 423 2274; x_wconf 87' lang='lat' dir='ltr'>adstans</span> <span class='ocrx_word' id='word_1_253' title='bbox 456 2228 580 2273; x_wconf 89' lang='lat' dir='ltr'>haud</span> <span class='ocrx_word' id='word_1_254' title='bbox 616 2229 679 2273; x_wconf 92' lang='lat' dir='ltr'>illi</span> <span class='ocrx_word' id='word_1_255' title='bbox 713 2233 928 2274; x_wconf 77' lang='lat' dir='ltr'>admovet</span> <span class='ocrx_word' id='word_1_256' title='bbox 951 2229 1184 2286; x_wconf 91' lang='lat' dir='ltr'>speculum</span> <span class='ocrx_word' id='word_1_257' title='bbox 1210 2229 1289 2274; x_wconf 89' lang='lat' dir='ltr'>sed</span> <span class='ocrx_word' id='word_1_258' title='bbox 1314 2229 1400 2273; x_wconf 93' lang='lat' dir='ltr'>sibi</span> <span class='ocrx_word' id='word_1_259' title='bbox 1424 2231 1524 2286; x_wconf 87' lang='lat' dir='ltr'>ipsi,</span> <span class='ocrx_word' id='word_1_260' title='bbox 1551 2237 1599 2273; x_wconf 90' lang='lat' dir='ltr'>ut</span> <span class='ocrx_word' id='word_1_261' title='bbox 1622 2228 1750 2273; x_wconf 90' lang='lat' dir='ltr'>facile</span> <span class='ocrx_word' id='word_1_262' title='bbox 1774 2228 2004 2286; x_wconf 90' lang='lat' dir='ltr'>intelleges</span> 
     </span>
     <span class='ocr_line' id='line_1_31' title="bbox 242 2299 2004 2357; baseline -0.001 -13"><span class='ocrx_word' id='word_1_263' title='bbox 242 2317 343 2344; x_wconf 91' lang='lat' dir='ltr'>curn</span> <span class='ocrx_word' id='word_1_264' title='bbox 377 2318 399 2344; x_wconf 95' lang='lat' dir='ltr'>e</span> <span class='ocrx_word' id='word_1_265' title='bbox 432 2299 618 2357; x_wconf 90' lang='lat' dir='ltr'>speculo</span> <span class='ocrx_word' id='word_1_266' title='bbox 652 2301 753 2357; x_wconf 89' lang='lat' dir='ltr'>ipso</span> <span class='ocrx_word' id='word_1_267' title='bbox 787 2308 882 2344; x_wconf 88' lang='lat' dir='ltr'>tum</span> <span class='ocrx_word' id='word_1_268' title='bbox 917 2318 938 2344; x_wconf 94' lang='lat' dir='ltr'>e</span> <span class='ocrx_word' id='word_1_269' title='bbox 973 2300 1155 2344; x_wconf 91' lang='lat' dir='ltr'>dextrae</span> <span class='ocrx_word' id='word_1_270' title='bbox 1188 2302 1341 2357; x_wconf 84' lang='lat' dir='ltr'>gestu)</span> <span class='ocrx_word' id='word_1_271' title='bbox 1376 2308 1418 2344; x_wconf 90' lang='lat' dir='ltr'>et</span> <span class='ocrx_word' id='word_1_272' title='bbox 1450 2300 1728 2344; x_wconf 85' lang='lat' dir='ltr'>sollemniter</span> <span class='ocrx_word' id='word_1_273' title='bbox 1751 2308 1906 2344; x_wconf 89' lang='lat' dir='ltr'>ornata</span> <span class='ocrx_word' id='word_1_274' title='bbox 1931 2317 2004 2344; x_wconf 87' lang='lat' dir='ltr'>ex-</span> 
     </span>
     <span class='ocr_line' id='line_1_32' title="bbox 241 2369 2000 2428; baseline 0 -13"><span class='ocrx_word' id='word_1_275' title='bbox 241 2378 411 2428; x_wconf 89' lang='lat' dir='ltr'>spectat</span> <span class='ocrx_word' id='word_1_276' title='bbox 452 2370 604 2422; x_wconf 88' lang='lat' dir='ltr'>filiam,</span> <span class='ocrx_word' id='word_1_277' title='bbox 644 2372 860 2427; x_wconf 88' lang='lat' dir='ltr'>temporis</span> <span class='ocrx_word' id='word_1_278' title='bbox 899 2370 1132 2415; x_wconf 87' lang='lat' dir='ltr'>fastidium</span> <span class='ocrx_word' id='word_1_279' title='bbox 1174 2379 1223 2415; x_wconf 90' lang='lat' dir='ltr'>ut</span> <span class='ocrx_word' id='word_1_280' title='bbox 1267 2370 1416 2427; x_wconf 87' lang='lat' dir='ltr'>pellat,</span> <span class='ocrx_word' id='word_1_281' title='bbox 1458 2388 1559 2415; x_wconf 91' lang='lat' dir='ltr'>cum</span> <span class='ocrx_word' id='word_1_282' title='bbox 1592 2387 1759 2427; x_wconf 90' lang='lat' dir='ltr'>genero</span> <span class='ocrx_word' id='word_1_283' title='bbox 1792 2369 2000 2427; x_wconf 91' lang='lat' dir='ltr'>loquens.</span> 
     </span>
     <span class='ocr_line' id='line_1_33' title="bbox 243 2440 2003 2499; baseline -0.001 -13"><span class='ocrx_word' id='word_1_284' title='bbox 243 2443 417 2498; x_wconf 87' lang='lat' dir='ltr'>Sponsa</span> <span class='ocrx_word' id='word_1_285' title='bbox 458 2449 523 2486; x_wconf 91' lang='lat' dir='ltr'>est</span> <span class='ocrx_word' id='word_1_286' title='bbox 564 2441 851 2499; x_wconf 88' lang='lat' dir='ltr'>agnoscenda</span> <span class='ocrx_word' id='word_1_287' title='bbox 896 2443 941 2485; x_wconf 93' lang='lat' dir='ltr'>in</span> <span class='ocrx_word' id='word_1_288' title='bbox 987 2441 1131 2497; x_wconf 86' lang='lat' dir='ltr'>figura</span> <span class='ocrx_word' id='word_1_289' title='bbox 1179 2443 1307 2485; x_wconf 87' lang='lat' dir='ltr'>matri</span> <span class='ocrx_word' id='word_1_290' title='bbox 1350 2442 1563 2498; x_wconf 88' lang='lat' dir='ltr'>opposita</span> <span class='ocrx_word' id='word_1_291' title='bbox 1609 2442 1653 2485; x_wconf 91' lang='lat' dir='ltr'>in</span> <span class='ocrx_word' id='word_1_292' title='bbox 1696 2440 1830 2485; x_wconf 89' lang='lat' dir='ltr'>altera</span> <span class='ocrx_word' id='word_1_293' title='bbox 1876 2458 2003 2498; x_wconf 88' lang='lat' dir='ltr'>oper-</span> 
     </span>
     <span class='ocr_line' id='line_1_34' title="bbox 241 2512 2002 2570; baseline -0.001 -14"><span class='ocrx_word' id='word_1_294' title='bbox 241 2512 328 2557; x_wconf 92' lang='lat' dir='ltr'>culi</span> <span class='ocrx_word' id='word_1_295' title='bbox 379 2520 516 2570; x_wconf 89' lang='lat' dir='ltr'>parte,</span> <span class='ocrx_word' id='word_1_296' title='bbox 566 2529 703 2570; x_wconf 89' lang='lat' dir='ltr'>quam</span> <span class='ocrx_word' id='word_1_297' title='bbox 757 2512 915 2557; x_wconf 86' lang='lat' dir='ltr'>fovent</span> <span class='ocrx_word' id='word_1_298' title='bbox 960 2512 1075 2556; x_wconf 89' lang='lat' dir='ltr'>duae</span> <span class='ocrx_word' id='word_1_299' title='bbox 1131 2513 1329 2557; x_wconf 87' lang='lat' dir='ltr'>ancillae.</span> <span class='ocrx_word' id='word_1_300' title='bbox 1401 2512 1489 2557; x_wconf 90' lang='lat' dir='ltr'>Vel</span> <span class='ocrx_word' id='word_1_301' title='bbox 1537 2512 1859 2568; x_wconf 88' lang='lat' dir='ltr'>thymiaterion</span> <span class='ocrx_word' id='word_1_302' title='bbox 1907 2529 2002 2569; x_wconf 91' lang='lat' dir='ltr'>quo</span> 
     </span>
     <span class='ocr_line' id='line_1_35' title="bbox 239 2581 2002 2640; baseline -0.001 -13"><span class='ocrx_word' id='word_1_303' title='bbox 239 2584 284 2627; x_wconf 91' lang='lat' dir='ltr'>in</span> <span class='ocrx_word' id='word_1_304' title='bbox 318 2585 505 2627; x_wconf 74' lang='lat' dir='ltr'>Veneris</span> <span class='ocrx_word' id='word_1_305' title='bbox 546 2583 767 2627; x_wconf 90' lang='lat' dir='ltr'>honorem</span> <span class='ocrx_word' id='word_1_306' title='bbox 807 2582 1070 2627; x_wconf 88' lang='lat' dir='ltr'>comburere</span> <span class='ocrx_word' id='word_1_307' title='bbox 1110 2583 1319 2627; x_wconf 85' lang='lat' dir='ltr'>solebant</span> <span class='ocrx_word' id='word_1_308' title='bbox 1355 2590 1428 2627; x_wconf 91' lang='lat' dir='ltr'>tus</span> <span class='ocrx_word' id='word_1_309' title='bbox 1473 2591 1516 2627; x_wconf 86' lang='lat' dir='ltr'>et</span> <span class='ocrx_word' id='word_1_310' title='bbox 1560 2582 1689 2640; x_wconf 91' lang='lat' dir='ltr'>quod</span> <span class='ocrx_word' id='word_1_311' title='bbox 1735 2581 1806 2627; x_wconf 91' lang='lat' dir='ltr'>vel</span> <span class='ocrx_word' id='word_1_312' title='bbox 1844 2583 1890 2626; x_wconf 92' lang='lat' dir='ltr'>in</span> <span class='ocrx_word' id='word_1_313' title='bbox 1928 2582 2002 2626; x_wconf 90' lang='lat' dir='ltr'>illa</span> 
     </span>
     <span class='ocr_line' id='line_1_36' title="bbox 240 2653 2001 2711; baseline -0.001 -13"><span class='ocrx_word' id='word_1_314' title='bbox 240 2655 410 2711; x_wconf 88' lang='lat' dir='ltr'>pyxide</span> <span class='ocrx_word' id='word_1_315' title='bbox 451 2655 691 2698; x_wconf 84' lang='lat' dir='ltr'>Eretriensi</span> <span class='ocrx_word' id='word_1_316' title='bbox 733 2654 789 2698; x_wconf 89' lang='lat' dir='ltr'>ad</span> <span class='ocrx_word' id='word_1_317' title='bbox 830 2670 1023 2710; x_wconf 89' lang='lat' dir='ltr'>sponsae</span> <span class='ocrx_word' id='word_1_318' title='bbox 1064 2662 1176 2698; x_wconf 86' lang='lat' dir='ltr'>stare</span> <span class='ocrx_word' id='word_1_319' title='bbox 1217 2654 1356 2711; x_wconf 90' lang='lat' dir='ltr'>pedes</span> <span class='ocrx_word' id='word_1_320' title='bbox 1395 2655 1652 2705; x_wconf 88' lang='lat' dir='ltr'>meministi,</span> <span class='ocrx_word' id='word_1_321' title='bbox 1693 2653 1763 2697; x_wconf 91' lang='lat' dir='ltr'>hic</span> <span class='ocrx_word' id='word_1_322' title='bbox 1797 2653 2001 2704; x_wconf 84' lang='lat' dir='ltr'>occurrit,</span> 
     </span>
    </p>
   </div>
   <div class='ocr_carea' id='block_1_3' title="bbox 238 2781 2003 3005">
    <p class='ocr_par' dir='ltr' id='par_1_5' title="bbox 238 2781 2003 3005">
     <span class='ocr_line' id='line_1_37' title="bbox 361 2781 2003 2831; baseline -0.002 -12"><span class='ocrx_word' id='word_1_323' title='bbox 361 2786 387 2828; x_wconf 76' lang='lat'>¹)</span> <span class='ocrx_word' id='word_1_324' title='bbox 416 2785 541 2828; x_wconf 81' lang='lat' dir='ltr'>Quam</span> <span class='ocrx_word' id='word_1_325' title='bbox 570 2783 620 2819; x_wconf 93' lang='lat' dir='ltr'>ob</span> <span class='ocrx_word' id='word_1_326' title='bbox 649 2796 724 2818; x_wconf 88' lang='lat' dir='ltr'>rem</span> <span class='ocrx_word' id='word_1_327' title='bbox 752 2786 861 2818; x_wconf 91' lang='lat' dir='ltr'>etiam</span> <span class='ocrx_word' id='word_1_328' title='bbox 889 2786 998 2818; x_wconf 86' lang='lat' dir='ltr'>ramis</span> <span class='ocrx_word' id='word_1_329' title='bbox 1025 2789 1180 2819; x_wconf 88' lang='lat' dir='ltr'>ornatus</span> <span class='ocrx_word' id='word_1_330' title='bbox 1208 2790 1259 2818; x_wconf 86' lang='lat' dir='ltr'>est</span> <span class='ocrx_word' id='word_1_331' title='bbox 1288 2787 1482 2829; x_wconf 81' lang='lat' dir='ltr'>impositis.</span> <span class='ocrx_word' id='word_1_332' title='bbox 1530 2784 1627 2819; x_wconf 88' lang='lat' dir='ltr'>Cum</span> <span class='ocrx_word' id='word_1_333' title='bbox 1656 2781 1870 2831; x_wconf 79' lang='lat' dir='ltr'>Brueckner</span> <span class='ocrx_word' id='word_1_334' title='bbox 1896 2786 2003 2827; x_wconf 86' lang='lat' dir='ltr'>putat</span> 
     </span>
     <span class='ocr_line' id='line_1_38' title="bbox 239 2841 2001 2890; baseline -0.002 -11"><span class='ocrx_word' id='word_1_335' title='bbox 239 2847 420 2890; x_wconf 86' lang='lat' dir='ltr'>picturam</span> <span class='ocrx_word' id='word_1_336' title='bbox 449 2842 681 2879; x_wconf 87' lang='lat' dir='ltr'>referendam</span> <span class='ocrx_word' id='word_1_337' title='bbox 710 2855 786 2878; x_wconf 89' lang='lat' dir='ltr'>esse</span> <span class='ocrx_word' id='word_1_338' title='bbox 814 2841 861 2877; x_wconf 87' lang='lat' dir='ltr'>ad</span> <span class='ocrx_word' id='word_1_339' title='bbox 888 2845 1037 2877; x_wconf 87' lang='lat' dir='ltr'>tertium</span> <span class='ocrx_word' id='word_1_340' title='bbox 1059 2845 1275 2887; x_wconf 80' lang='lat' dir='ltr'>nuptiarum</span> <span class='ocrx_word' id='word_1_341' title='bbox 1297 2842 1395 2877; x_wconf 86' lang='lat' dir='ltr'>diem</span> <span class='ocrx_word' id='word_1_342' title='bbox 1417 2855 1494 2887; x_wconf 87' lang='lat' dir='ltr'>quo</span> <span class='ocrx_word' id='word_1_343' title='bbox 1515 2841 1731 2877; x_wconf 86' lang='lat' dir='ltr'>donabatur</span> <span class='ocrx_word' id='word_1_344' title='bbox 1749 2853 1875 2876; x_wconf 91' lang='lat' dir='ltr'>recens</span> <span class='ocrx_word' id='word_1_345' title='bbox 1894 2854 2001 2884; x_wconf 82' lang='lat' dir='ltr'>uxor,</span> 
     </span>
     <span class='ocr_line' id='line_1_39' title="bbox 239 2898 2000 2948; baseline -0.002 -9"><span class='ocrx_word' id='word_1_346' title='bbox 239 2902 415 2948; x_wconf 86' lang='lat' dir='ltr'>equidem</span> <span class='ocrx_word' id='word_1_347' title='bbox 436 2902 508 2938; x_wconf 89' lang='lat' dir='ltr'>hoc</span> <span class='ocrx_word' id='word_1_348' title='bbox 528 2901 686 2937; x_wconf 81' lang='lat' dir='ltr'>offendo</span> <span class='ocrx_word' id='word_1_349' title='bbox 713 2900 819 2946; x_wconf 89' lang='lat' dir='ltr'>quod</span> <span class='ocrx_word' id='word_1_350' title='bbox 848 2899 986 2936; x_wconf 87' lang='lat' dir='ltr'>femina</span> <span class='ocrx_word' id='word_1_351' title='bbox 1013 2914 1032 2935; x_wconf 85' lang='lat' dir='ltr'>a</span> <span class='ocrx_word' id='word_1_352' title='bbox 1059 2907 1188 2945; x_wconf 77' lang='lat' dir='ltr'>tergo</span> <span class='ocrx_word' id='word_1_353' title='bbox 1206 2914 1367 2946; x_wconf 83' lang='lat' dir='ltr'>sponsae</span> <span class='ocrx_word' id='word_1_354' title='bbox 1387 2906 1488 2936; x_wconf 84' lang='lat' dir='ltr'>tenet</span> <span class='ocrx_word' id='word_1_355' title='bbox 1507 2900 1664 2936; x_wconf 87' lang='lat' dir='ltr'>donum.</span> <span class='ocrx_word' id='word_1_356' title='bbox 1693 2898 1870 2935; x_wconf 88' lang='lat' dir='ltr'>Intendas</span> <span class='ocrx_word' id='word_1_357' title='bbox 1889 2899 2000 2935; x_wconf 89' lang='lat' dir='ltr'>velim</span> 
     </span>
     <span class='ocr_line' id='line_1_40' title="bbox 238 2957 2000 3005; baseline -0.002 -8"><span class='ocrx_word' id='word_1_358' title='bbox 238 2961 295 2997; x_wconf 88' lang='lat' dir='ltr'>vel</span> <span class='ocrx_word' id='word_1_359' title='bbox 324 2965 362 2997; x_wconf 88' lang='lat' dir='ltr'>in</span> <span class='ocrx_word' id='word_1_360' title='bbox 389 2961 470 2997; x_wconf 88' lang='lat' dir='ltr'>aliis</span> <span class='ocrx_word' id='word_1_361' title='bbox 496 2960 656 2997; x_wconf 89' lang='lat' dir='ltr'>vasculis</span> <span class='ocrx_word' id='word_1_362' title='bbox 684 2964 722 2995; x_wconf 92' lang='lat' dir='ltr'>in</span> <span class='ocrx_word' id='word_1_363' title='bbox 750 2959 889 3005; x_wconf 88' lang='lat' dir='ltr'>quibus</span> <span class='ocrx_word' id='word_1_364' title='bbox 916 2958 1076 2994; x_wconf 81' lang='lat' dir='ltr'>feminae</span> <span class='ocrx_word' id='word_1_365' title='bbox 1113 2972 1264 3004; x_wconf 85' lang='lat' dir='ltr'>operam</span> <span class='ocrx_word' id='word_1_366' title='bbox 1299 2959 1390 2995; x_wconf 83' lang='lat' dir='ltr'>dant</span> <span class='ocrx_word' id='word_1_367' title='bbox 1422 2972 1583 3005; x_wconf 88' lang='lat' dir='ltr'>sponsae</span> <span class='ocrx_word' id='word_1_368' title='bbox 1617 2957 1811 2995; x_wconf 84' lang='lat' dir='ltr'>ornandae</span> <span class='ocrx_word' id='word_1_369' title='bbox 1849 2961 2000 3003; x_wconf 86' lang='lat' dir='ltr'>reperiri</span> 
     </span>
    </p>
   </div>
   <div class='ocr_carea' id='block_1_4' title="bbox 238 3020 1457 3123">
    <p class='ocr_par' dir='ltr' id='par_1_6' title="bbox 238 3020 1457 3123">
     <span class='ocr_line' id='line_1_41' title="bbox 238 3020 496 3065; baseline 0.004 -10"><span class='ocrx_word' id='word_1_370' title='bbox 238 3020 496 3065; x_wconf 85' lang='lat' dir='ltr'>lutrophoros.</span> 
     </span>
     <span class='ocr_line' id='line_1_42' title="bbox 358 3077 1457 3123; baseline -0.002 -12"><span class='ocrx_word' id='word_1_371' title='bbox 358 3080 386 3123; x_wconf 86' lang='lat'>2)</span> <span class='ocrx_word' id='word_1_372' title='bbox 415 3080 504 3114; x_wconf 76' lang='lat' dir='ltr'>Hes,</span> <span class='ocrx_word' id='word_1_373' title='bbox 531 3092 557 3114; x_wconf 80' lang='lat' dir='ltr'>s,</span> <span class='ocrx_word' id='word_1_374' title='bbox 586 3092 635 3114; x_wconf 82' lang='lat' dir='ltr'>v,:</span> <span class='ocrx_word' id='word_1_375' title='bbox 664 3078 684 3121; x_wconf 76' lang='grc' dir='ltr'><em>ἦ</em></span> <span class='ocrx_word' id='word_1_376' title='bbox 714 3078 931 3120; x_wconf 59' lang='grc' dir='ltr'>νυμφεύτρια</span> <span class='ocrx_word' id='word_1_377' title='bbox 960 3077 978 3120; x_wconf 68' lang='lat'>1}</span> <span class='ocrx_word' id='word_1_378' title='bbox 1007 3081 1189 3119; x_wconf 55' lang='grc' dir='ltr'>κοσμοῦσα</span> <span class='ocrx_word' id='word_1_379' title='bbox 1216 3077 1278 3119; x_wconf 70' lang='grc' dir='ltr'>τὴν</span> <span class='ocrx_word' id='word_1_380' title='bbox 1304 3077 1457 3120; x_wconf 30' lang='grc' dir='ltr'>ἰ’ύλιιιΙψκ</span> 
     </span>
    </p>
   </div>
  </div>
 </body>
</html>
