2154 3403
1082 124 1108 167 8

335 279 468 334 Quae
502 276 681 322 vascula
715 294 791 320 cur
823 278 912 321 sint
944 275 1094 327 electa,
1130 283 1180 320 ut
1212 274 1427 332 sepulcris
1460 277 1814 331 imponerentur,
1848 273 1976 318 facile

216 347 461 403 intelleges,
499 349 534 392 si
559 348 841 392 Graecorum
864 347 1118 391 memineris
1142 347 1279 390 moris
1309 345 1455 389 lavare
1478 352 1698 395 mortuos,
1734 352 1977 401 antequam

217 418 532 463 conderentur.
596 417 706 461 Tale
739 417 973 462 vasculum
1012 416 1205 474 sepulcri
1244 418 1521 469 {mamystanos
1562 422 1611 458 ut
1649 432 1750 459 cum
1791 413 1977 459 Platone

218 488 325 546 (leg.
349 491 437 534 XII
462 507 504 547 p.
535 491 620 534 958
652 490 708 542 Ε)
743 488 918 546 loquar,
953 505 1136 533 munere
1170 487 1365 544 fungens
1404 485 1589 543 praebet
1620 486 1787 529 mortui
1821 484 1978 541 deplo-

218 561 330 604 ratio
373 567 698 617 repraesentata
738 561 783 603 in
823 558 1096 616 lutrophoro
1135 557 1404 602 Atheniensi
1437 556 1600 613 ‘figuris
1639 557 1778 613 nigris
1817 563 1978 600 ornato

220 632 373 684 (Mon.
408 630 451 675 d.
488 633 593 675 Inst.
628 633 744 675 VIII
779 633 819 684 51
856 648 885 687 g
918 629 984 685 h).
1050 628 1310 674 Secundum
1337 627 1621 683 Hesychium
1645 643 1739 670 non
1763 626 1978 670 omnibus

219 702 409 745 mortuis
442 702 764 758 imponebatur
797 701 875 745 sed
911 700 1060 745 solum
1092 701 1146 744 iis
1180 701 1259 757 qui
1300 698 1503 743 defuncti
1543 705 1666 741 erant
1704 697 1979 741 matrimonii

219 779 419 816 exsortes
479 774 527 825 (s.
588 791 628 817 V.
688 775 960 826 λουτροφόρα,
1013 773 1082 818 τὰς
1134 773 1275 824 ὑδρίας
1326 776 1406 815 τοῖς
1467 770 1747 810 ἀποθανοῦσιν
1808 770 1981 822 ἀγάμοις

219 845 625 897 ἐὴε,ιιπον·ἔπεμποι’
658 845 701 883 (δὲ
733 846 799 884 καὶ
834 845 918 897 (εἰς)
952 844 1044 889 τοὺς
1077 843 1234 896 γάΙιιους
1267 849 1308 885 et
1343 858 1374 884 s.
1406 859 1446 885 V.
1476 841 1981 893 Zovtyoqopoffss'nspmor

219 916 272 959 εἷς
318 914 410 959 τοὺς
456 916 613 967 γάμους
659 916 965 968 λοντροφόρους
1011 915 1076 954 καὶ
1128 918 1209 958 τοῖς
1261 914 1436 965 ἀγάμοις
1482 913 1739 953 ἀποθανοῦσι
1789 911 1833 951 τὸ
1883 911 1981 951 αὐτὸ

219 985 464 1039 ἒποίουν)“),
499 986 592 1029 sive
627 994 675 1028 ut
708 985 950 1029 defunctus
984 985 1113 1041 quasi
1148 991 1252 1040 post
1284 990 1473 1027 mortem
1507 981 1715 1026 fortunae
1739 981 1864 1025 fieret
1885 997 1982 1037 par-

219 1056 360 1112 ticeps
393 1072 484 1112 qua
517 1065 715 1099 caruerat
747 1057 893 1106 vivus,
927 1057 1020 1100 sive
1054 1054 1183 1113 quod
1218 1053 1373 1098 saltem
1402 1060 1586 1097 mortuo
1609 1052 1827 1097 volebant
1858 1068 1982 1108 prae-

221 1134 333 1170 stare
367 1125 572 1170 officium
607 1128 871 1183 propinqui,
906 1126 1035 1184 quod
1068 1127 1176 1171 vivo
1210 1132 1334 1169 erant
1362 1123 1596 1181 prohibiti.
1647 1122 1744 1177 (Cf.
1759 1122 1980 1172 &Wolters

223 1196 505 1253 Rotfigurige
555 1197 883 1254 Lutrophoros,
932 1197 1100 1241 Athen.
1186 1197 1308 1240 Mitt.
1363 1197 1427 1246 16,
1481 1196 1589 1239 1891
1643 1211 1684 1250 p.
1734 1194 1814 1238 371
1866 1209 1982 1250 sqq„

222 1269 349 1312 cuius
403 1268 628 1312 eiusmodi
692 1268 978 1313 vasculorum
1039 1266 1269 1323 catalogus
1331 1273 1488 1310 auctus
1549 1272 1615 1309 est
1673 1278 1697 1307 a
1757 1263 1982 1314 Richtero,

221 1339 343 1383 Ann.
388 1338 442 1383 of
475 1338 549 1383 the
595 1339 758 1383 Eritish
804 1338 971 1384 School
1013 1347 1057 1383 at
1094 1338 1272 1382 Athens
1314 1339 1377 1381 XI
1426 1338 1535 1381 1904
1558 1337 1613 1380 05
1648 1353 1689 1392 p.
1724 1337 1810 1379 224
1843 1336 1982 1392 sqq).
2020 1343 2024 1346 ’

223 1411 356 1466 Quae
402 1411 697 1454 commutatio
741 1427 835 1467 quo
878 1418 1080 1466 tempore
1124 1410 1180 1453 sit
1221 1408 1333 1452 facta
1376 1406 1500 1451 haud
1546 1408 1725 1457 scimus,
1769 1405 1982 1463 equidem

223 1489 336 1538 puto
362 1483 418 1524 V.
444 1480 637 1531 saeculo,
663 1480 792 1538 quod
817 1482 1063 1525 vetustiora
1083 1479 1271 1537 quidem
1290 1478 1468 1524 vascula
1487 1478 1644 1534 figuris
1667 1478 1805 1533 nigris
1829 1483 1984 1520 ornata

223 1551 440 1608 praebent
481 1568 660 1595 scaenas
700 1551 969 1608 sepulcrales
1009 1552 1035 1595 i.
1077 1568 1111 1595 e.
1151 1552 1358 1603 πρόθεσιν,
1397 1552 1593 1603 ἐκφοράν,
1634 1550 1799 1602 θρῆνον,
1838 1564 1985 1591 exem-

222 1622 361 1680 plaria
394 1630 542 1666 autem
576 1622 733 1678 figuris
767 1622 914 1666 rubris
938 1629 1092 1665 ornata
1118 1621 1252 1665 rebus
1276 1620 1560 1677 nuptialibus
1584 1620 1798 1664 instructa
1822 1619 1983 1673 sunt2).

224 1693 366 1737 Paulo
399 1702 505 1750 post
538 1694 673 1750 igitur
706 1694 740 1736 si
775 1693 879 1737 dico
903 1692 958 1737 de
990 1692 1284 1749 lutrophoris,
1318 1708 1493 1748 semper
1525 1691 1580 1734 de
1615 1689 1807 1734 vasculis
1840 1689 1986 1746 agitur

223 1764 380 1822 figuris
413 1763 560 1808 rubris
594 1765 834 1807 exornatis.

341 1834 470 1878 Alter
503 1834 606 1878 fons
649 1833 771 1878 haud
805 1835 954 1879 minus
993 1833 1232 1885 fecundus,
1266 1851 1288 1877 e
1322 1851 1417 1891 quo
1451 1833 1680 1889 possimus
1714 1847 1986 1888 cognoscere

224 1907 504 1951 Graecorum
524 1907 634 1949 ritus
654 1905 891 1962 nuptiales,
911 1914 1017 1950 sunt
1039 1906 1235 1959 γαμικοὶ
1254 1904 1325 1949 vel
1344 1906 1578 1958 νυμφίκοὶ
1599 1902 1842 1958 λέβητες3)
1867 1902 1987 1957 (vas-

224 1976 323 2022 cula
361 1978 587 2022 ventriosa
627 1976 896 2034 plerumque
937 1975 1153 2033 operculo
1200 1976 1455 2032 cooperta⁴)
1502 1974 1592 2019 alto
1638 1974 1825 2018 nitentia
1870 1971 1986 2029 pede

222 2049 508 2105 geminisque
541 2049 586 2091 in
621 2056 810 2105 utraque
845 2048 985 2091 umeri
1018 2054 1142 2104 parte
1175 2048 1307 2091 ansis.
1372 2047 1505 2102 Quae
1534 2062 1639 2090 vasa
1669 2045 1749 2089 etsi
1773 2060 1986 2100 persaepe

224 2118 359 2163 nobis
384 2127 626 2162 occurrunt
648 2120 693 2162 in
716 2119 976 2174 nuptiarum
1001 2116 1491 2174 repraesentationibus
1515 2117 1638 2173 ipsis,
1663 2123 1813 2159 tamen
1836 2113 1985 2158 adhuc

224 2190 427 2233 rixantur
459 2190 587 2233 cuius
620 2188 788 2233 fuerint
821 2206 943 2233 usus.
1008 2188 1341 2244 Furtwaengler
1364 2187 1552 2245 quidem
1584 2186 1696 2242 (Slg.
1724 2183 1986 2235 Sabouroff,

226 2260 315 2305 vol.
350 2262 367 2305 I
403 2277 563 2304 comm.
606 2259 696 2304 tab.
737 2261 864 2315 58s9)
905 2267 1090 2304 crateras
1130 2276 1180 2303 ea
1220 2276 1314 2303 esse
1348 2259 1561 2315 opinatus
1602 2264 1693 2301 erat
1730 2257 1776 2300 in
1816 2254 1986 2313 quibus

348 2414 372 2457 ¹)
399 2412 457 2450 Cf.
486 2414 528 2449 C.
558 2414 582 2448 I.
611 2415 656 2448 A.
687 2414 715 2448 ll
752 2414 770 2448 3
809 2414 895 2447 1994
927 2411 990 2456 (ad
1024 2411 1160 2458 gradus
1188 2411 1441 2448 bibliothecae
1470 2413 1502 2447 S.
1529 2412 1722 2446 Trinitatis
1749 2407 1987 2453 Cantabrigi-

227 2476 324 2510 ensis
349 2486 462 2518 super
488 2471 706 2517 anaglypho
733 2471 929 2517 sepulcrali
957 2484 1020 2507 vas
1056 2473 1223 2507 Atticum
1257 2470 1471 2511 exhibente,
1505 2474 1541 2505 in
1577 2482 1654 2515 quo
1688 2471 1744 2504 vir
1777 2474 1812 2504 et
1840 2469 1987 2503 iuvenis

227 2545 359 2568 manus
387 2532 598 2576 iungentes)
624 2530 1017 2572 liniris-xpum.„aufugi
1046 2531 1148 2572 φίλων
1175 2530 1233 2562 καὶ
1260 2530 1362 2572 mart-»1¹
1389 2529 1612 2572 κασιγνήταις
1645 2542 1679 2560 τε
1711 2526 1879 2560 ποθεινὸν
1904 2525 1990 2558 mins

226 2605 260 2623 τε
287 2591 473 2632 ἑταίροισιν
491 2591 690 2632 σι”ντροτμιν
718 2590 862 2631 ἡλικία.
914 2591 1111 2624 Vocantur
1135 2595 1317 2634 parentes,
1344 2602 1502 2629 sorores,
1530 2591 1649 2629 amici,
1677 2600 1757 2622 non
1777 2598 1882 2622 uxor.
1937 2585 1987 2619 Ex

226 2651 378 2688 silentio
393 2653 506 2695 igitur
517 2648 824 2684 concludendum
838 2648 1049 2693 sepulcrum
1064 2647 1293 2693 lutrophoro
1306 2654 1528 2683 exornatum
1541 2660 1617 2683 esse
1630 2654 1791 2683 erectum
1808 2660 1852 2683 ca
1863 2647 1921 2683 eli
1932 2647 1986 2683 bi·

344 2710 376 2753 2)
404 2710 513 2753 Quae
541 2711 607 2743 etsi
635 2707 908 2752 protrahuntur
935 2721 952 2742 c
980 2707 1145 2747 tumulis,
1172 2713 1296 2742 tamen
1325 2713 1418 2751 puto
1447 2706 1549 2742 haud
1578 2719 1654 2742 esse
1673 2706 1890 2751 accipienda
1918 2719 1986 2752 pro

229 2770 485 2805 monumentis
511 2766 795 2812 sepulcralibus,
823 2779 986 2811 quorum
1014 2778 1168 2801 munere
1196 2765 1268 2800 illis
1295 2764 1449 2810 quidem
1477 2765 1711 2810 temporibus
1732 2764 1988 2810 fungebantur

229 2826 444 2872 lutrophori
480 2825 534 2861 illi
581 2828 788 2865 marmorei,
831 2825 895 2860 sed
936 2838 1003 2870 pro
1043 2824 1156 2860 donis
1195 2824 1441 2869 nuptialibus,
1481 2838 1576 2869 quac
1605 2830 1645 2859 ut
1672 2820 1815 2869 reliqua
1848 2826 1986 2859 mortui

226 2885 397 2931 supellex
424 2898 507 2920 cum
534 2898 579 2920 eo
607 2883 842 2919 condebatur
869 2891 953 2929 post
979 2890 1146 2919 mortem.

350 2946 378 2989 ³)
407 2946 492 2980 Hoc
519 2957 659 2979 nomen
688 2946 848 2978 occurrit
875 2946 913 2978 in
936 2944 959 2978 l.
981 2944 1025 2979 G.
1050 2944 1080 2978 II
1102 2945 1121 2978 2
1141 2945 1209 2979 720
1233 2957 1266 2978 v.
1287 2944 1331 2979 36
1349 2944 1428 2986 (721
1453 2944 1497 2986 3),
1518 2942 1614 2978 illud
1641 2944 1671 2978 II
1698 2945 1719 2977 5
1743 2942 1844 2978 767b
1873 2957 1905 2978 v.
1931 2944 1986 2978 63.

349 3006 375 3047 ⁴)
404 3002 581 3039 lntendas
623 3002 733 3037 velim
779 3001 916 3037 malurn
955 3008 1149 3045 granatum
1190 3002 1322 3038 lebetis
1364 3015 1475 3046 quem
1515 3002 1723 3047 publicavit
1762 3001 1985 3042 Brueckner,

231 3062 462 3100 Athenische
492 3060 920 3105 Hochzeitsgeschenke,
940 3060 1029 3096 Ath.
1051 3062 1148 3096 Mitt.
1169 3062 1223 3102 32,
1248 3063 1333 3096 1907
1352 3062 1425 3097 tab.
1451 3063 1460 3096 1
1484 3063 1610 3107 (quam
1630 3063 1986 3096 commentationem

231 3123 423 3160 brevitatis
449 3135 557 3158 causa
583 3120 806 3166 significabo
834 3127 923 3157 nota
953 3122 1035 3165 Br.).
