2154 3403
1088 128 1139 170 12

350 280 496 338 Quod
531 288 580 324 ut
621 279 940 331 diiudicemus‚
980 287 1294 325 convertamus
1336 295 1420 322 nos
1453 277 1510 322 ad
1546 276 1742 335 reliquas
1775 295 1990 335 personas

231 368 347 408 quae
382 352 653 395 comitantur
691 367 921 408 pompam.
993 352 1168 394 Praeter
1206 349 1397 394 feminas
1436 348 1615 393 vascula
1654 347 1725 393 vel
1764 348 1881 394 faces
1919 366 1993 406 ge—

231 422 440 476 stantes¹)
459 439 655 478 pompae
674 422 864 478 inspersi
888 428 994 465 sunt
1016 422 1098 465 viri
1122 422 1168 464 in
1191 421 1272 465 tria
1292 418 1535 464 dirimendi
1550 436 1726 476 genera.
1772 421 1993 476 Pompam

231 492 346 537 solet
378 492 639 537 antecedere
673 493 849 536 iuvenis
886 509 1023 549 quem
1057 491 1346 548 distinguunt
1378 493 1559 537 πέτασος,
1594 489 1831 541 caduceus,
1864 508 1991 544 κηρυ-

229 569 350 611 κεῖον,
398 562 532 608 calcei
571 562 647 607 alti
688 562 804 613 alati,
840 562 1038 618 chlamys
1078 563 1275 606 viatoris.
1353 563 1403 605 In
1450 578 1538 605 una
1583 561 1992 617 repraesentatione

231 633 430 689 (Roulez
462 633 552 678 tab.
586 635 635 688 2)
670 634 902 689 inscriptio
951 632 1159 689 adposita
1194 640 1259 676 est
1282 633 1456 686 Ηερμου
1490 631 1569 676 sed
1603 632 1775 675 etiamsi
1808 630 1913 675 huic
1946 633 1993 676 in

230 704 415 749 vasculo
456 704 585 762 quod
621 704 700 748 ubi
733 704 873 748 hodie
912 712 1161 749 asservetur
1198 704 1395 747 nescitur
1432 719 1526 746 non
1565 703 1757 746 nimium
1795 702 1991 746 tribuere

230 775 462 826 vellemus,
487 775 621 820 calcei
645 774 748 819 alati
764 774 1022 819 sufficerent
1040 775 1096 818 ad
1115 774 1243 818 illurn
1262 772 1599 818 stabiliendum.
1634 772 1748 816 Alae
1772 774 1887 817 cruri
1909 771 1993 816 illi-

229 854 356 903 gatae
386 847 467 890 etsi
496 845 627 891 valde
657 845 901 890 abhorrent
929 863 951 889 a
983 847 1263 890 Graecorum
1293 861 1416 888 more
1446 843 1536 888 alas
1565 843 1769 900 fingendi
1800 844 1880 901 qui
1908 843 1991 887 tibi

229 924 366 961 notus
390 924 455 961 est
478 934 499 961 e
518 916 711 961 vasculis
729 916 886 973 figuris
905 916 1051 960 rubris
1071 917 1239 960 ornatis
1258 923 1300 960 et
1318 914 1573 972 sculpturae
1592 913 1823 971 operibus,
1842 921 1990 958 tamen

229 988 474 1045 perfalsum
509 996 624 1032 esset
656 1005 733 1032 eos
773 995 1081 1031 ornamenta
1127 986 1290 1030 habere
1325 985 1589 1030 calceorum.
1656 986 1861 1030 Sescenta
1895 1002 1991 1042 per-

229 1067 450 1103 scrutatus
503 1058 708 1115 exempla
762 1058 872 1101 mihi
925 1059 1125 1114 persuasi
1179 1075 1256 1101 eos
1311 1057 1551 1114 praecipue
1602 1056 1741 1101 tribui
1796 1058 1992 1100 Hermae

231 1131 392 1174 Perseo
432 1130 585 1174 aliisve
620 1147 738 1187 quos
774 1130 1053 1174 Graecorum
1088 1128 1272 1184 mythus
1307 1145 1452 1171 aerem
1486 1127 1591 1171 facit
1623 1126 1922 1184 pervolantes.
1948 1152 1989 1157 —-

232 1202 406 1244 Praeter
454 1202 671 1244 Hermam
726 1217 921 1257 pompae
970 1201 1179 1243 interesse
1226 1198 1339 1243 solet
1381 1198 1605 1243 citharista
1645 1215 1782 1255 quem
1821 1197 1991 1243 vasculi

230 1288 363 1327 supra
398 1271 568 1316 laudati
604 1271 801 1326 (Roulez
841 1271 930 1315 tab.
971 1272 1020 1325 2)
1055 1272 1200 1327 pictor
1244 1269 1511 1326 Apollinem
1557 1286 1652 1313 esse
1697 1269 1991 1325 inscriptione

228 1341 467 1387 illustravit
512 1344 734 1388 Απολοιυς.
819 1345 925 1399 Qua
981 1341 1036 1385 de
1079 1358 1210 1385 causa
1253 1340 1323 1385 vel
1368 1341 1512 1385 virum
1557 1357 1722 1384 corona
1768 1341 1990 1397 insignem

228 1413 486 1464 hederacea,
521 1413 749 1457 interdum
783 1414 914 1457 etiam
948 1412 1160 1456 cantharo
1200 1411 1324 1455 haud
1364 1410 1643 1456 dubitaveris
1682 1428 1842 1455 vocare
1876 1412 1992 1455 Dio—

229 1486 449 1540 nysumff).

346 1556 456 1600 Tres
489 1555 553 1599 illi
586 1572 782 1612 pompae
816 1555 1000 1599 comites
1035 1555 1116 1598 etsi
1150 1553 1244 1598 divi
1278 1561 1383 1598 sunt
1414 1552 1629 1604 habendi,
1662 1561 1811 1597 tamen
1845 1570 1898 1597 ex
1928 1554 1990 1597 eis

228 1625 353 1670 haud
398 1635 464 1670 est
508 1625 815 1682 colligendum
862 1625 931 1670 vel
976 1642 1172 1681 sponsos
1217 1641 1311 1668 esse
1357 1624 1482 1668 deos.
1552 1625 1760 1675 Hermes,
1798 1623 1989 1680 Apollo,

229 1698 470 1752 Dionysus
523 1698 736 1740 nimirum
782 1695 906 1740 haud
960 1702 1202 1739 occurrunt
1253 1696 1298 1738 in
1351 1712 1542 1739 numero
1597 1693 1788 1738 deorum
1840 1695 1992 1752 nupti—

228 1767 423 1822 alium³²),
478 1767 556 1812 sed
612 1769 804 1811 Hermes
853 1774 917 1811 est
968 1772 1175 1820 πομπαῖος
1222 1773 1264 1810 et
1311 1783 1543 1823 quamque
1591 1773 1742 1822 potest
1789 1766 1990 1810 comitari

229 1856 445 1896 pompam
491 1846 533 1882 et
585 1838 698 1882 deus
751 1837 988 1882 fertilitatis
1042 1844 1084 1881 et
1136 1844 1185 1881 ut
1235 1838 1518 1890 ψυχοπομπός
1568 1837 1798 1880 hominem
1854 1837 1991 1881 comi-

227 1919 346 1955 tatur
393 1909 602 1954 ultimum
651 1909 886 1953 facientem
932 1909 1026 1959 iter,
1067 1908 1198 1951 etiam
1237 1909 1282 1951 in
1331 1907 1411 1951 hac
1459 1908 1575 1952 vitae
1622 1908 1872 1963 gratissima
1918 1908 1990 1952 via

229 1983 267 2027 ei
331 1981 470 2026 adest.
526 2006 567 2010 —
631 1978 808 2036 Apollo
871 1979 1001 2035 quasi
1064 1978 1287 2035 significat
1349 1979 1542 2022 carmina
1604 1978 1650 2021 in
1713 1977 1990 2022 deductione

229 2054 403 2103 usitata,
445 2054 639 2104 ἄρμάτεια
679 2052 780 2104 μέλι]
822 2049 899 2104 (cf.
941 2050 1007 2093 Et.
1053 2051 1121 2093 M.
1169 2066 1210 2106 p.
1256 2050 1353 2100 145,
1392 2050 1448 2093 25
1487 2066 1519 2093 s,
1560 2049 1683 2103 v.)4).
1748 2049 1989 2104 Dionysus

350 2194 376 2238 1)
404 2195 511 2229 Faces
538 2191 736 2237 nuptiales,
764 2192 868 2233 δᾷδες
897 2204 983 2232 ›¹131er
998 2191 1081 2227 ικαί,
1110 2193 1240 2235 quanti
1268 2189 1410 2225 fuerint
1435 2192 1618 2225 momenti
1643 2189 1703 2226 vel
1729 2189 1818 2226 inde
1836 2196 1991 2236 apparet

228 2253 334 2299 quod
361 2255 515 2298 nuptiae
543 2250 796 2287 clandestinae
830 2256 1013 2285 vocantur
1046 2249 1280 2292 (Ξὸᾳὸούχηῑοι
1315 2249 1415 2292 γάμοι
1450 2250 1566 2293 (Eust.
1594 2247 1652 2284 ad.
1680 2250 1794 2285 Hom.
1824 2248 1863 2285 11.
1890 2251 1918 2284 Z
1945 2251 1989 2284 24

228 2327 262 2359 p.
289 2314 369 2354 622,
395 2313 440 2347 42
449 2312 496 2355 a).

347 2384 373 2426 2)
389 2384 493 2418 Deos
512 2384 689 2416 nimirum
710 2380 812 2415 haud
828 2382 1016 2415 inveneris
1032 2380 1231 2415 conclusos
1247 2392 1378 2415 omnes
1397 2382 1436 2415 in
1455 2392 1569 2415 unam
1589 2381 1988 2424 repraesentationem;

227 2442 384 2478 artifices
434 2443 588 2485 ingenio
640 2439 880 2483 indulgentes
931 2442 996 2484 qui
1045 2442 1096 2474 eis
1146 2442 1366 2474 conveniret
1412 2441 1622 2484 praecipue,
1665 2437 1877 2483 elegerunt;
1920 2437 1989 2474 hac

227 2501 272 2537 de
307 2513 415 2536 causa
450 2499 689 2535 vasculorum
726 2497 954 2533 delectamur
989 2501 1176 2539 varietate,
1210 2503 1245 2533 et
1271 2499 1475 2533 ementium
1503 2500 1664 2543 quisque
1692 2496 1856 2532 habebat
1881 2495 1987 2542 quod

225 2559 297 2596 sibi
324 2559 485 2604 eligeret.

347 2631 372 2674 3)
389 2629 446 2666 Cf.
464 2629 557 2665 Plut.
574 2630 649 2673 Qu.
666 2641 757 2664 rom.
774 2641 802 2664 c.
822 2630 866 2663 29
885 2641 918 2673 p.
937 2630 1004 2663 264
1024 2630 1068 2663 B:
1088 2629 1136 2660 ὅτι
1156 2628 1255 2660 πέντε
1274 2630 1411 2661 (δεῖσθαι,
1430 2630 1524 2661 θεῶν
1539 2627 1618 2664 Τοὺς
1633 2632 1827 2671 γαμοῦντας
1846 2628 1988 2668 οἴονται,

227 2690 307 2727 Διὸς
335 2690 465 2722 -ῐεὶ,.«-,·ιίιιν
499 2688 556 2721 καί
586 2687 707 2729 ‘'HJ-mg
742 2687 869 2719 aiffa:
902 2687 960 2719 za.)
991 2686 1045 2730 *sslq
1060 2688 1199 2729 ρυὸίτης
1233 2687 1290 2720 καί
1326 2688 1483 2723 [Is-1170&
1517 2687 1646 2732 (quam
1678 2686 1922 2732 Sapphonem
1954 2706 1988 2711 —-

227 2749 331 2795 frgm.
364 2749 427 2784 1323
455 2746 574 2792 Bergk
600 2767 633 2771 —
660 2746 761 2782 illius
788 2745 900 2781 fuisse
935 2745 1048 2781 filiam
1082 2745 1236 2781 tradunt
1272 2746 1415 2782 scholia
1451 2747 1540 2782 Hes.
1574 2747 1648 2791 Op.
1676 2751 1711 2781 et
1745 2747 1791 2781 D.
1825 2746 1896 2790 74),
1932 2745 1986 2778 ἐπὶ

224 2813 307 2840 πᾶσι
341 2806 371 2839 δ’
398 2806 617 2848 Ἀρτέμιδος
655 2806 699 2841 ct.
734 2808 842 2840 etiam
871 2804 962 2840 Poll.
999 2806 1047 2839 111
1084 2807 1127 2840 38
1161 2808 1226 2850 qui
1253 2805 1376 2841 solum
1410 2810 1679 2841 commemorat
1705 2806 1846 2840 Heram
1877 2805 1986 2840 Arte-

226 2865 376 2907 midem,
404 2867 553 2901 Moeras
580 2870 615 2900 et
641 2863 728 2900 vide
755 2877 850 2909 quae
878 2863 924 2899 de
952 2863 1135 2908 Apolline
1162 2863 1240 2899 dixi
1268 2877 1302 2909 p.
1334 2865 1384 2900 15.

346 2937 371 2980 ⁴)
399 2937 474 2971 Iam
502 2938 540 2971 in
569 2936 771 2970 Homerica
799 2937 1015 2979 nuptiarum
1043 2934 1295 2980 descriptione
1322 2935 1356 2967 Σ
1381 2936 1445 2970 491
1474 2947 1553 2980 sqq.
1582 2934 1755 2980 legimus:

1089 3020 1094 3025 .
1126 2993 1234 3030 :mli-c
1262 2993 1460 3035 ‹3'1‘31m‘wmm
1486 2994 1616 3036 ὀρώρει

718 3057 842 3094 κοῦροι
871 3050 1121 3095 δ’ὀρχηστῆρες
1148 3052 1292 3092 ἐδίνεον,
1319 3052 1355 3084 ἐν
1381 3051 1483 3095 (δ’ἄρα
1510 3057 1617 3085 τοῖσιν

717 3111 815 3143 αὐλοὶ
843 3111 1032 3154 φόρμιγγές
1059 3124 1093 3143 τε
1119 3111 1209 3154 βοὴν
1235 3111 1326 3154 ἔχον.
