2154 3403
996 120 1050 163 27

144 278 245 333 Ztg.
303 275 413 319 1875
458 291 501 331 p.
554 276 611 319 80
661 274 800 331 sqq).
878 272 1024 329 Quod
1078 289 1260 316 sensum
1314 272 1471 315 attinet
1529 272 1740 327 picturae,
1800 270 1906 315 doc-

143 346 303 391 tissimi
326 346 410 390 viri
433 362 529 389 eam
553 345 834 401 accipiebant
866 360 948 400 pro
978 342 1290 399 mythologiae
1320 358 1495 386 scaena:
1530 341 1654 386 velut
1670 341 1908 385 Winckel-

145 432 337 461 mannus
372 414 491 459 Pelei
525 422 568 459 et
589 414 811 465 Thetidis,
847 413 1115 459 Gerhardus
1148 412 1319 457 Paridis
1354 420 1396 456 et
1430 411 1633 456 Helenae
1666 411 1910 456 voluerunt

146 503 387 545 agnoscere
434 487 631 543 nuptias.
696 487 907 543 Quarum
956 484 1311 542 explicationum
1353 484 1549 540 priorem
1588 500 1682 526 non
1721 500 1910 539 possum

147 558 290 615 sequi,
333 574 434 602 cum
471 556 629 601 Peleus
663 564 706 601 et
738 556 909 607 Thetis,
953 573 1152 613 quorum
1195 555 1377 611 nuptias
1420 553 1609 598 artifices
1652 554 1696 596 in
1740 552 1911 597 deliciis

147 628 360 679 habuere,
384 627 454 672 hic
480 627 696 672 omnibus
720 635 897 672 careant
918 626 1195 683 insignibus;
1221 625 1291 670 vel
1315 632 1598 669 momentum
1622 625 1657 667 si
1682 624 1911 680 depictum

149 706 264 744 esset
296 716 392 757 quo
415 701 578 743 Venus
602 698 828 743 Helenam
853 697 1116 743 cohortatur
1140 704 1189 741 ut
1214 696 1364 740 Paridi
1388 713 1432 740 se
1457 695 1608 745 dedat,
1633 694 1911 738 offenderem

150 769 280 828 quod
315 771 436 814 Paris
471 787 607 828 quem
641 787 817 827 semper
849 769 1140 826 distinguunt
1173 768 1306 813 calcei
1342 767 1581 816 luxuriosi,
1624 765 1743 823 pilus
1779 765 1915 821 Phry-

150 843 265 899 gius,
283 842 419 886 vestis
438 840 822 898 splendidissima,
847 840 1063 885 omnibus
1087 848 1203 884 caret
1226 837 1496 896 insignibus.
1546 838 1708 881 Certae
1732 836 1916 892 nuptiae

152 913 231 957 etsi
273 911 397 956 haud
431 912 747 969 agnoscendae
789 919 907 963 sunt,
955 919 1105 956 tamen
1148 910 1211 955 illi
1254 927 1345 954 rem
1388 926 1469 953 acu
1511 909 1767 963 tetigerunt,
1816 923 1917 950 cum

151 983 343 1040 figuram
376 982 503 1027 humi
537 982 914 1040 procumbentem
948 990 990 1027 et
1022 982 1122 1027 lecti
1156 981 1263 1038 pedi
1296 979 1557 1037 applicitam
1580 995 1800 1035 sponsum
1825 994 1919 1021 esse

154 1053 380 1099 dixerunt.
458 1054 606 1099 Aliter
639 1072 742 1099 eum
784 1055 1060 1112 interpretati
1104 1060 1210 1098 sunt
1251 1053 1305 1097 C.
1351 1051 1524 1096 Robert
1566 1051 1680 1105 (Die
1722 1047 1919 1093 Aldobr.

156 1124 397 1176 Hochzeit,
435 1127 592 1170 Herm.
634 1127 702 1177 35,
747 1127 858 1170 1900
896 1143 939 1183 p.
982 1126 1067 1170 657
1111 1124 1236 1182 sqq.)
1271 1131 1313 1167 et
1354 1124 1401 1167 B.
1438 1124 1626 1178 Nogara
1661 1123 1748 1172 „Le
1782 1136 1921 1163 nozze

154 1195 538 1240 Aldobrandine“
593 1198 673 1254 qui
728 1196 841 1241 hanc
896 1198 1117 1253 picturam
1158 1194 1491 1240 celeberrimam
1531 1210 1567 1237 a.
1608 1193 1717 1236 1907
1767 1190 1922 1235 denuo

156 1265 409 1324 publicavit
449 1268 745 1325 tractavitque
788 1267 1026 1312 uberrime.
1095 1266 1369 1311 Thalamum
1408 1270 1789 1321 repraesentatum
1830 1278 1923 1305 esse

157 1345 335 1394 negant.
420 1340 815 1395 Repraesentatam
870 1356 965 1383 esse
1019 1338 1211 1383 domum
1264 1344 1496 1394 paternam
1549 1342 1591 1379 et
1645 1335 1923 1391 „sponsum“

159 1409 481 1464 Hymenaeum
503 1410 892 1467 interpretandum
918 1427 1012 1455 esse
1031 1409 1174 1460 ducis,
1192 1413 1441 1463 προηγητοῦ,
1460 1423 1643 1451 munere
1663 1404 1925 1449 functurum

158 1480 205 1523 in
258 1496 428 1537 pompa
487 1481 694 1538 nuptiali.
786 1481 884 1526 Ubi
944 1482 1062 1525 enirn
1122 1479 1337 1525 traditum
1399 1486 1513 1523 esset
1566 1502 1607 1508 -
1662 1476 1768 1520 haec
1823 1482 1928 1519 sunt

159 1558 422 1608 argumenta
466 1552 654 1597 Roberti
694 1579 736 1583 —
777 1570 992 1610 sponsam
1035 1560 1153 1597 ante
1197 1567 1418 1608 sponsum
1460 1550 1622 1593 intrare
1664 1546 1926 1596 thalamum,

161 1629 204 1666 et
248 1638 445 1678 sponsus
479 1623 680 1668 mortalis
713 1641 824 1668 num
864 1631 1015 1681 potest
1054 1622 1241 1679 depingi
1281 1621 1468 1666 nudus?
1538 1620 1602 1664 At
1635 1635 1849 1676 sponsam
1883 1618 1927 1660 in

160 1692 361 1737 thalamo
406 1703 715 1752 exspectare
748 1712 971 1753 sponsum
1005 1693 1211 1751 exempla
1245 1693 1558 1738 demonstrent
1591 1707 1707 1748 quae
1747 1688 1928 1733 afferam

163 1782 206 1822 p.
231 1781 357 1821 sequ.
383 1775 425 1812 et
456 1769 584 1811 locus
609 1766 779 1812 Catulli
803 1768 873 1819 62,
903 1768 1002 1811 191:
1028 1780 1149 1807 uxor
1179 1767 1224 1806 2‘72
1259 1765 1452 1805 thalamo
1486 1763 1572 1804 tibi
1598 1767 1669 1802 est.
1726 1761 1929 1817 Sponsus

164 1842 200 1886 si
234 1840 442 1897 depictus
485 1846 600 1883 esset
637 1838 805 1890 nudus,
841 1837 1055 1895 equidem
1090 1838 1136 1881 in
1175 1835 1252 1880 tali
1286 1852 1442 1880 scaena
1476 1832 1600 1878 haud
1636 1830 1930 1877 offenderem,

165 1916 245 1962 sed
284 1914 468 1960 minime
518 1919 583 1956 est
629 1909 797 1955 nudus.
873 1907 1057 1953 Deinde
1106 1907 1350 1952 obiecerim
1385 1907 1781 1961 „Hymenaeum“,
1831 1917 1931 1944 cum

166 1986 297 2046 quod
331 1993 543 2030 staturam
574 1990 671 2026 tum
701 1980 831 2039 quod
855 1980 1053 2025 colorem
1082 1979 1239 2023 attinet
1262 1977 1465 2028 rubrum,
1489 1975 1602 2020 nihil
1626 1974 1790 2018 habere
1815 1988 1933 2016 com-

166 2075 303 2103 mune
352 2073 454 2101 cum
508 2054 597 2099 deo
650 2051 844 2110 nuptiali
898 2052 1118 2108 omnique
1172 2066 1300 2107 egere
1353 2048 1519 2104 insigni
1573 2045 1643 2091 vel
1697 2045 1790 2089 face
1844 2059 1934 2100 qua

167 2129 239 2174 hic
279 2144 455 2184 semper
494 2132 560 2170 est
598 2126 840 2169 instructus
887 2122 965 2178 (cf.
1013 2121 1139 2166 Rich.
1188 2119 1405 2170 Schmidt,
1453 2120 1526 2162 De
1574 2119 1845 2173 Hymenaeo
1894 2120 1936 2156 et

168 2199 364 2250 Talasio,
420 2198 542 2241 Diss.
599 2194 744 2240 Kiliae
800 2195 912 2239 1886
965 2210 1007 2250 p.
1063 2192 1290 2246 55—80).
1376 2192 1606 2234 Praeterea
1659 2188 1694 2232 si
1748 2186 1936 2230 facimus

170 2288 272 2316 cum
315 2269 519 2314 Roberto
560 2274 602 2311 et
648 2268 851 2324 Nogara,
900 2282 1084 2310 scaenae
1131 2262 1334 2307 laterales
1380 2259 1672 2306 difficultates
1720 2256 1937 2315 praebent

171 2358 288 2399 quae
339 2339 469 2385 nullo
522 2338 666 2383 modo
729 2344 925 2395 possunt
987 2335 1151 2380 dirimi.
1244 2335 1446 2390 Sponsae
1500 2331 1652 2375 amicis
1705 2346 1727 2373 a
1782 2327 1937 2371 dextra

172 2429 389 2470 pompam
422 2408 796 2468 praeparantibus
835 2407 892 2452 ab
934 2409 1206 2463 Hymenaeo
1253 2403 1511 2448 ducendam
1557 2400 1671 2459 quid
1717 2399 1803 2443 sibi
1842 2396 1939 2442 vult

171 2483 544 2539 thymiaterium'?
594 2482 782 2525 Prorsus
805 2477 1105 2523 intolerabilis
1129 2484 1195 2521 est
1217 2476 1419 2520 sinistrae
1450 2473 1587 2530 partis
1616 2469 1937 2527 interpretatio.

175 2553 403 2598 Robertus
426 2569 610 2597 scaenae
634 2549 894 2608 principalis
917 2549 1286 2606 interpretatione
1305 2552 1486 2590 coactus
1504 2542 1576 2589 vel
1598 2542 1711 2586 hanc
1736 2556 1939 2585 scaenam

173 2623 408 2669 transferre
458 2625 505 2668 in
568 2622 760 2668 domum
823 2629 1054 2679 paternam
1107 2619 1436 2676 respersionem
1490 2613 1801 2671 („aspersione
1855 2626 1940 2654 con

175 2712 318 2752 acqua
351 2694 564 2740 lustrata“
599 2695 789 2751 Nogara
822 2698 1196 2750 repraesentatam
1231 2706 1325 2733 esse
1359 2685 1630 2739 contendit).
1689 2682 1775 2728 Sed
1809 2680 1941 2725 talem

177 2766 495 2810 caerimoniam
528 2781 667 2823 quam
700 2765 787 2808 iam
822 2780 957 2820 supra
980 2760 1122 2806 refelli
1145 2759 1270 2804 haud
1299 2758 1484 2803 tradunt
1506 2764 1689 2801 veteres.
1755 2754 1941 2808 Nogara

177 2839 273 2895 ipse
313 2835 540 2881 concedit:
583 2838 758 2888 „Meno
783 2834 958 2879 distinti
982 2850 1098 2877 sono
1131 2833 1145 2875 i
1179 2830 1269 2875 due
1302 2829 1469 2887 gruppi
1503 2825 1669 2871 laterali
1705 2841 1726 2868 e
1760 2824 1942 2879 special-

177 2919 326 2957 mente
350 2908 506 2967 quello
530 2907 577 2952 di
601 2908 820 2952 sinistra“.
866 2904 953 2950 Sed
972 2903 1143 2948 nullam
1162 2901 1380 2959 praebent
1398 2897 1726 2945 difficultatem,
1752 2895 1786 2937 si
1814 2890 1943 2950 quod

180 2999 385 3028 scaenam
430 2978 723 3038 principalem
778 2978 949 3027 attinet,
995 2975 1230 3032 sequimur
1276 2969 1691 3027 interpretationem
1736 2964 1942 3009 traditam

181 3055 324 3109 (nova
365 3058 508 3108 nupta
546 3051 593 3094 in
631 3047 795 3106 geniali
835 3047 1034 3092 thalamo
1075 3061 1212 3102 quam
1253 3043 1515 3087 cohortatur
1553 3038 1656 3082 diva
1695 3036 1944 3089 ‘vvpc‘saez'ffQff'

182 3131 232 3168 ut
272 3123 435 3168 abiciat
476 3122 683 3165 timorem
726 3132 991 3177 sponsoque
1035 3116 1262 3173 permittat
1303 3112 1501 3165 intrare).
1566 3111 1737 3152 Dextra
1788 3120 1944 3149 scaena
