2154 3403
1052 103 1108 147 22

198 259 320 297 αὐτοῦ
354 257 415 302 ὥς
447 257 619 309 ἀληθῶς
651 257 692 296 ἓν
723 257 866 310 κύκλῳ
888 259 1175 309 περιθρεκῑὲον
1197 259 1507 309 amormuni-ivone
1537 258 1595 311 μὴ
1625 259 1732 312 λάθῃ
1751 260 1860 311 ἡμᾶς
1882 260 1959 299 οὗκ

197 330 309 375 ἄξιον
349 330 396 367 ὂν
438 333 592 380 τροφῆς
641 328 684 366 τὸ
730 329 977 380 γιγνόμενον.
1052 326 1251 371 Similem
1299 328 1344 370 in
1391 326 1583 370 modum
1628 344 1796 384 sponsa
1842 345 1958 385 quae

199 398 357 443 domui
394 398 523 455 quasi
557 397 832 441 increscebat
863 415 1037 442 novum
1060 397 1313 441 membrum
1338 404 1380 440 et
1402 398 1447 440 in
1472 414 1637 442 novam
1661 398 1961 455 recipiebatur

197 469 401 520 domum,
434 468 599 512 tutelae
632 468 1036 513 commendabatur
1068 469 1308 512 numinum
1342 468 1451 511 eius.
1506 469 1640 524 Quae
1672 469 1718 512 in
1751 469 1832 514 hac
1868 471 1959 527 pic-

195 549 293 584 tura
319 546 621 596 repraesentat
645 540 784 582 Vesta
818 556 934 596 quae
968 538 1115 583 adstat
1147 540 1241 582 sine
1276 537 1371 582 ullo
1404 539 1609 594 graviore
1643 540 1780 583 animi
1812 548 1956 592 motu,

196 610 307 654 dum
340 611 505 655 circum
539 626 635 653 eam
668 608 883 654 festinant
914 609 1179 664 homines').

879 871 1104 949 Caput
1154 872 1269 933 IV.

311 989 333 1044 ξ
355 991 395 1032 9.
430 987 628 1032 Vascula
651 987 808 1043 figuris
833 988 969 1042 nigris
993 994 1162 1035 ornata,
1187 985 1381 1030 breviter
1400 994 1446 1030 ut
1471 986 1742 1043 complectar
1760 1005 1955 1044 pompae

192 1059 408 1117 nuptialis
441 1059 872 1115 repraesentationes
906 1074 1019 1114 quas
1053 1074 1186 1113 supra
1225 1058 1422 1107 tractavi,
1463 1065 1512 1101 ut
1545 1066 1702 1102 cuncta
1740 1059 1957 1114 praebent

193 1130 383 1175 eandem
429 1146 646 1179 scaenam,
691 1130 717 1172 i.
765 1146 800 1172 e.
847 1127 1111 1172 sollemnem
1158 1127 1482 1172 deductionem
1528 1128 1748 1185 quadriga
1794 1129 1955 1174 factam

193 1219 309 1259 quae
342 1217 579 1257 nunquam
613 1207 905 1256 permutatur,
941 1200 999 1242 ita
1032 1215 1137 1243 vasa
1176 1198 1333 1255 figuris
1373 1198 1519 1243 rubris
1553 1207 1768 1244 exornata
1801 1199 1955 1245 vidisti

192 1271 406 1316 excellere
459 1271 922 1327 repraesentationum
975 1271 1199 1314 varietate.
1286 1271 1461 1314 Praeter
1514 1269 1839 1315 deductionem
1892 1273 1956 1312 ἐπὶ

191 1346 358 1393 ζεύγους
390 1343 483 1386 sive
522 1340 742 1398 quadriga
777 1341 869 1385 sive
904 1357 1034 1384 curru
1073 1340 1235 1385 factam
1275 1340 1466 1385 mulatio
1506 1342 1699 1385 occurrit
1737 1341 1954 1386 deductio

191 1414 389 1471 pedibus
422 1412 536 1456 facta
576 1428 724 1468 neque
765 1428 863 1455 raro
903 1419 968 1455 est
1007 1412 1246 1455 coniuncta
1281 1428 1381 1455 cum
1415 1411 1698 1456 salutatione.
1761 1412 1955 1457 Vascula

190 1486 327 1542 igitur
358 1484 516 1541 figuris
558 1482 705 1526 rubris
745 1489 900 1525 ornata
947 1499 1049 1526 cum
1092 1482 1206 1526 hanc
1253 1499 1389 1526 unam
1438 1500 1642 1527 scaenam
1686 1491 1776 1527 tam
1821 1484 1954 1528 variis

189 1556 347 1600 formis
380 1553 584 1604 referant,
618 1553 741 1597 haud
776 1553 946 1596 mireris
975 1552 1045 1597 vel
1078 1554 1123 1597 in
1157 1552 1254 1597 aliis
1278 1554 1441 1597 versari
1474 1554 1735 1610 nuptiarum
1769 1555 1952 1598 scaenis.

309 1625 559 1670 Ordiamur
591 1642 614 1668 a
647 1623 833 1669 vasculo
857 1623 987 1680 quod
1017 1623 1207 1668 alteram·
1228 1624 1413 1681 praebet
1442 1641 1659 1680 pompam
1687 1623 1953 1669 sollemnem

189 1697 310 1742 illius
334 1695 607 1741 simillimam
631 1711 768 1752 quam
792 1695 837 1738 in
857 1693 1029 1738 deliciis
1047 1693 1217 1739 habent
1235 1694 1523 1739 vasculorum
1540 1695 1698 1752 figuris
1722 1696 1860 1753 nigris
1884 1713 1953 1740 or-

188 1776 398 1813 natorum
422 1766 624 1811 artifices.
660 1767 736 1809 Est
753 1764 1050 1822 lutrophorus
1067 1765 1123 1809 ad
1141 1767 1428 1822 gymnasium
1447 1774 1648 1823 repertus
1671 1766 1952 1811 Atheniense

190 1838 319 1896 quod
355 1855 376 1882 e
410 1836 660 1882 conditoris
703 1837 887 1880 nomine
929 1844 1115 1880 vocatur
1156 1838 1417 1890 Βαρβακεῖον
1460 1836 1604 1891 (Coll.
1648 1854 1708 1881 no
1752 1838 1850 1889 503,
1897 1837 1950 1882 cf,

189 1911 323 1954 Mon.
359 1909 402 1953 d.
438 1910 544 1952 Inst.
578 1909 620 1951 X
652 1907 741 1951 tab.
777 1907 1071 1954 3411Wien.
1122 1906 1246 1951 Vorl.
1278 1909 1392 1951 VIII
1427 1909 1490 1962 2).
1557 1910 1877 1964 Repraesentat
1909 1933 1950 1939 —

189 1979 446 2036 lutrophori
480 1996 588 2022 num
631 1985 780 2034 potest
813 1979 1057 2034 excogitari
1106 1986 1291 2022 ornatus
1340 1980 1520 2035 aptior?
1568 2004 1610 2009 —
1659 1979 1951 2036 aquationem

188 2050 454 2095 sollemnem
511 2057 679 2105 nuptae
734 2048 951 2092 lavandae
1008 2066 1138 2092 causa
1193 2049 1367 2093 factam.
1452 2049 1679 2093 Videmus
1734 2066 1950 2105 pompam

188 2120 419 2179 quandam
454 2120 635 2164 ductam
669 2136 692 2163 a
717 2136 859 2175 puero
883 2119 1066 2163 tibicine
1097 2119 1357 2177 feminaque
1381 2119 1498 2164 faces
1522 2120 1732 2164 manibus
1755 2127 1948 2170 tenente,

188 2191 310 2236 haud
346 2190 486 2235 dubie
520 2198 670 2234 matre.
737 2191 949 2247 Sequitur
984 2189 1132 2245 puella
1168 2207 1323 2234 umero
1356 2198 1535 2246 gestans
1567 2190 1681 2234 illud
1716 2190 1947 2235 vasculum

188 2280 283 2320 quo
323 2278 488 2319 aquam
528 2260 584 2305 ad
631 2277 824 2317 sponsae
865 2260 1137 2305 lavationem
1183 2262 1479 2318 pertinentem
1525 2261 1809 2318 adportatam
1855 2278 1947 2305 esse

187 2334 380 2390 exposui
410 2333 455 2376 in
489 2333 631 2389 capite
667 2333 682 2374 I
719 2332 784 2387 (p.
810 2334 873 2385 9),
909 2331 1074 2375 deinde
1109 2348 1275 2388 sponsa
1309 2333 1419 2388 ipsa.
1485 2334 1639 2389 Quam
1673 2349 1774 2376 cum
1809 2332 1949 2376 obicit

187 2405 243 2448 A.
265 2406 452 2460 Herzog
470 2402 630 2457 (Arch.
651 2405 751 2459 Ztg.
777 2403 886 2446 1882
907 2419 948 2458 p.
976 2402 1077 2456 140)
1098 2402 1221 2446 haud
1243 2421 1336 2447 esse
1357 2402 1546 2448 velatam
1565 2404 1784 2460 omnique
1804 2420 1948 2447 carere

187 2474 363 2519 mundo
397 2482 440 2518 et
471 2473 552 2518 hac
587 2473 642 2517 de
677 2489 807 2517 causa
837 2473 1020 2516 minime
1046 2490 1178 2529 posse
1203 2474 1453 2531 significare
1477 2490 1706 2530 sponsam,
1740 2473 1947 2518 intendas

186 2545 319 2590 velim
354 2545 541 2601 primam
576 2561 672 2588 eam
701 2544 831 2600 sequi
861 2542 1056 2599 puellam
1081 2552 1324 2600 aquantem
1348 2561 1521 2588 summa
1546 2543 1764 2601 pudicitia
1787 2543 1947 2588 oculos

186 2616 376 2660 humum
421 2615 768 2671 demergentem,
813 2622 853 2657 et
899 2613 1027 2670 quod
1073 2616 1230 2659 attinet
1274 2623 1497 2666 ornatum,
1543 2614 1751 2659 nondum
1798 2622 1948 2671 potest

186 2704 280 2730 esse
314 2694 482 2736 ornata,
518 2702 618 2729 cum
652 2684 738 2729 hoc
772 2685 874 2741 ipso
915 2692 1118 2740 tempore
1158 2686 1375 2742 incipiant
1413 2687 1674 2742 nuptiarum
1714 2702 1947 2742 praepara-

185 2758 351 2805 tiones:
392 2773 413 2800 e
454 2756 677 2800 contrario
721 2754 977 2799 mirandum
1017 2762 1143 2806 esset,
1178 2756 1212 2799 si
1253 2757 1338 2799 iam
1383 2763 1497 2800 esset
1537 2756 1726 2813 insignis
1769 2755 1945 2800 mundo

185 2826 390 2883 nuptiali.
442 2828 485 2871 Si
520 2827 651 2870 etiam
675 2825 771 2869 aliis
796 2842 914 2882 opus
938 2833 1002 2869 est
1025 2828 1312 2882 argumentis,
1338 2827 1548 2883 inspicias
1572 2826 1706 2871 velim
1731 2820 1945 2870 coronam

184 2905 455 2942 murtaeeam
489 2913 623 2953 super
657 2913 751 2940 eam
793 2895 1065 2952 pendentem
1108 2896 1435 2954 Amoremque‚
1475 2897 1555 2954 qui
1597 2895 1722 2941 haud
1760 2895 1946 2941 adiuvat

306 3039 332 3082 ¹)
360 3040 509 3073 Passum
537 3037 704 3072 velocem
734 3040 771 3072 in
800 3036 868 3072 hac
893 3049 1025 3071 scaena
1053 3036 1213 3081 nuptiali
1247 3036 1401 3072 fortasse
1429 3050 1505 3073 esse
1532 3043 1659 3083 raptus
1686 3036 1943 3073 rudimentum

185 3100 256 3133 iam
283 3110 395 3142 supra
423 3098 473 3142 (p.
501 3097 562 3140 21)
587 3095 806 3142 significavi.
