2154 3403
1081 115 1138 158 28

230 266 357 322 quasi
396 265 620 322 significat
663 268 943 320 ἐπιθαλάμιον,
990 284 1166 311 carmen
1207 268 1254 311 in
1298 267 1470 324 nuptiis
1512 268 1623 324 ipsis
1666 274 1767 312 ante
1807 267 1992 312 thalami

229 344 406 393 portam
454 336 741 382 decantatum
790 339 885 393 (cui
933 338 1193 383 condicioni
1238 338 1310 383 vel
1354 338 1513 382 libatio
1560 340 1831 394 Hymenaeo
1878 337 1992 383 facta

229 407 389 452 melius
438 407 713 464 quadraret).
791 409 837 452 A
885 410 1061 453 sinistra
1108 408 1279 453 nullam
1328 426 1413 465 ego
1462 409 1679 453 rationem
1729 409 1867 454 video
1916 427 1993 454 cur

228 495 323 523 non
356 479 403 522 in
436 486 586 535 patera
619 493 782 536 aquam
821 479 1020 536 pedibus
1060 497 1253 537 sponsae
1286 478 1492 524 lavandis
1525 496 1824 537 agnoscamus
1858 479 1993 525 desti-

228 550 434 605 natam¹).

347 627 454 682 Qua
499 644 521 670 e
569 628 742 683 pictura
789 627 860 672 vel
908 629 1101 672 vestium
1149 627 1346 671 colorem
1403 628 1449 671 in
1506 628 1677 684 nuptiis
1727 629 1990 672 usitatarum

230 714 475 753 possumus
528 699 797 754 perspicere:
863 715 1056 755 sponsae
1110 706 1175 742 est
1233 697 1335 742 alba
1390 706 1689 755 congruenter
1738 716 1840 743 cum
1888 700 1991 744 Eur.

228 768 328 812 Alc.
362 769 462 819 932,
497 770 653 825 sponsi
686 769 820 813 rubra
854 769 932 823 (cf.
958 770 1089 813 etiam
1113 768 1340 825 aryballos
1364 783 1481 825 quos
1505 769 1714 825 depinxit
1738 769 1993 814 Brueckner

229 840 275 883 in
308 838 429 883 illius
451 841 795 896 programmatis
818 840 1022 894 tabulis).
1077 841 1168 884 Cui
1194 841 1591 896 repraesentationi
1614 841 1660 883 in
1684 854 1771 897 qua
1795 858 1992 897 sponsus

230 918 458 964 exspectat
496 910 607 954 dum
640 912 727 954 sibi
760 910 888 954 liceat
920 910 1167 955 thalamum
1210 911 1372 954 intrare
1414 910 1695 967 respondent
1742 911 1993 968 compluria

228 982 408 1026 vascula
443 995 557 1038 quae
591 999 805 1038 sponsam
840 982 1056 1038 praebent
1089 989 1290 1025 extremo
1323 981 1597 1025 insidentem
1630 981 1747 1026 lecto
1771 999 1993 1039 sponsum

230 1060 576 1109 exspectantem.
641 1052 784 1097 Velut
822 1052 1025 1097 Ariadne
1067 1054 1113 1096 in
1156 1060 1318 1096 cratera
1361 1053 1628 1097 Camarinae
1667 1060 1840 1110 reperta
1879 1067 1994 1110 quae

229 1141 349 1168 nunc
405 1131 606 1168 servatur
663 1125 708 1167 in
765 1141 924 1168 museo
969 1124 1250 1180 Syracusano
1294 1122 1370 1178 (cf.
1415 1125 1547 1168 Mon.
1589 1131 1676 1168 ant.
1720 1123 1881 1181 pubbl.
1916 1141 1995 1180 per

230 1211 333 1239 cura
382 1194 499 1239 della
549 1197 599 1239 R.
642 1194 812 1239 Accad.
863 1194 935 1238 dei
989 1195 1140 1238 Lincei
1187 1196 1302 1238 XIV
1350 1195 1460 1239 1904
1511 1194 1601 1239 tab.
1660 1195 1704 1249 l)
1759 1202 1900 1239 erecta
1953 1202 1995 1239 et

229 1264 373 1310 velata
412 1266 458 1309 in
500 1265 616 1310 lecto
659 1264 785 1310 sedet
829 1273 1092 1322 exspectans
1139 1266 1362 1309 maritum.
1444 1266 1592 1310 Amor
1640 1282 1737 1310 eam
1784 1273 1993 1317 coronat;

232 1337 472 1393 Dionysus
514 1336 678 1381 lectum
719 1336 826 1387 adit,
866 1336 1071 1381 Theseus
1105 1336 1217 1380 dum
1257 1337 1370 1393 petit
1407 1353 1582 1382 navem.
1654 1336 1994 1382 Revelationem

230 1409 374 1465 ipsam
409 1407 485 1462 (cf.
521 1408 653 1452 etiam
678 1408 872 1464 picturas
897 1407 992 1452 udo
1020 1407 1152 1452 illitas
1177 1407 1308 1452 villae
1333 1409 1597 1452 Farnesinae
1622 1410 1754 1452 Mon.
1780 1407 1823 1452 d.
1849 1409 1881 1452 Ι.
1905 1409 1993 1452 XII

230 1479 320 1523 tab.
361 1480 410 1533 8)
459 1478 677 1535 praebent
718 1478 939 1522 nonnulla
983 1480 1224 1536 antiquarii
1270 1478 1574 1524 Berolinensis
1617 1478 1797 1524 vascula
1838 1478 1995 1536 figuris

231 1549 520 1606 agglutinatis
555 1558 710 1594 ornata
745 1564 858 1606 quae
894 1549 1150 1594 Brueckner
1183 1549 1208 1594 l.
1248 1567 1281 1594 c.
1321 1549 1495 1606 publici
1534 1551 1642 1595 iuris
1681 1549 1787 1594 fecit
1825 1557 1868 1595 et
1904 1557 1995 1594 tam

231 1622 406 1678 egregie
441 1620 658 1677 explicuit
691 1620 802 1664 nihil
838 1629 885 1665 ut
918 1620 1109 1665 habeam
1144 1620 1272 1678 quod
1305 1621 1485 1665 addam.
1552 1620 1663 1665 Poll.
1708 1623 1773 1665 III
1812 1623 1867 1666 43
1907 1620 1994 1665 hoc

231 1691 417 1748 praebet
449 1692 760 1736 testimonium
794 1691 1038 1749 singulare:
1080 1694 1147 1733 καὶ
1182 1694 1229 1746 δὴ
1264 1694 1332 1733 καὶ
1363 1694 1475 1746 κλίνη
1508 1710 1563 1739 τις
1594 1695 1831 1746 ὠνομάζετο
1863 1694 1887 1746 ἡ
1919 1693 1996 1746 μὲν

232 1765 395 1817 γαμική,
427 1765 451 1816 ἡ
487 1763 529 1804 δὲ
569 1764 829 1816 παράβυστος
872 1766 896 1817 ἢ
939 1765 1004 1804 καὶ
1048 1765 1146 1817 affin)
1190 1766 1434 1816 στρώννυται
1475 1765 1516 1805 ἕν
1555 1771 1614 1817 τῷ
1657 1765 1852 1817 ὃοῃιατιῗῳ
1893 1764 1996 1817 ὑπὲρ

230 1839 300 1875 τοῦ
338 1835 409 1887 τὴν
446 1835 571 1874 παῖὸα
610 1835 666 1887 μὴ
707 1836 919 1888 (ὶῆιῃιιῆσαι
959 1836 1034 1887 (ὡς
1067 1835 1303 1888 ἹῙἺερείὸης
1336 1859 1377 1864 -
1412 1834 1541 1891 frgm.
1585 1835 1667 1878 144
1708 1833 1772 1878 El.
1811 1859 1848 1864 —
1883 1835 1995 1888 ἔφη).

233 1906 366 1961 Quae
399 1906 511 1958 κλίνη
544 1907 815 1958 παράβυστος,
849 1904 1020 1956 eadem,
1055 1913 1104 1949 ut
1136 1912 1250 1949 recte
1291 1906 1482 1949 coniecit
1520 1904 1789 1956 Brueckner,
1823 1906 1869 1948 in
1908 1919 1996 1961 qua

233 1975 452 2020 sedebant
491 1976 647 2032 sponsi
694 1976 738 2019 in
783 1975 1072 2027 deductione,
1123 1984 1309 2033 apparet
1352 1976 1464 2020 clare
1498 1977 1543 2019 in
1577 1975 1780 2033 aryballo
1813 1975 1995 2020 tabulae

233 2046 458 2104 primae‘2).
525 2047 728 2103 Sponsus
762 2046 929 2091 insidet
962 2046 1076 2091 lecto
1116 2046 1294 2104 geniali,
1330 2064 1430 2091 cum
1465 2064 1646 2104 sponsa,
1680 2064 1797 2104 quae
1826 2064 1870 2091 re
1893 2064 1996 2092 vera

234 2117 363 2163 valde
387 2117 567 2162 videtur
589 2134 683 2161 esse
702 2118 833 2161 anxia
852 2135 931 2162 nec
951 2117 1137 2162 dimittit
1160 2119 1359 2169 amicam,
1380 2118 1556 2162 obtinet
1578 2120 1715 2172 κλίνην
1735 2120 1997 2172 παράβυστον

233 2206 254 2233 e
302 2190 440 2245 patris
488 2188 630 2232 domo
678 2188 976 2245 adportatam.
1048 2190 1254 2232 Feminae
1301 2196 1450 2233 autem
1498 2189 1738 2245 quomodo
1784 2189 1996 2246 interpre-

232 2259 395 2304 tandae
429 2268 534 2305 sunt
574 2274 688 2316 quae
729 2260 774 2303 in
818 2259 956 2304 altero
1003 2259 1206 2316 aryballo
1247 2259 1444 2304 Athenis
1486 2267 1664 2317 reperto
1707 2259 1763 2303 ab
1807 2267 1995 2316 utraque

233 2330 333 2375 lecti
366 2330 526 2375 sedent
557 2332 756 2387 parte?³)

352 2407 678 2464 Paranymphis
712 2424 812 2451 cum
853 2406 939 2451 hoc
973 2415 1206 2451 momento
1245 2407 1373 2452 locus
1413 2424 1506 2451 non
1546 2408 1602 2451 sit
1634 2432 1677 2438 —
1710 2408 1883 2464 pictura
1922 2407 1996 2452 illa

234 2478 538 2523 bibliothecae
570 2479 811 2522 Vaticanae
845 2477 969 2522 haud
1004 2478 1283 2529 contradicit,
1319 2479 1423 2534 quia
1458 2495 1655 2535 sponsus
1688 2477 1898 2522 nondum
1932 2486 1997 2523 est

235 2552 278 2593 in
312 2549 511 2594 thalamo
546 2575 587 2580 —-
621 2548 721 2593 illae
755 2548 925 2606 figurae
958 2548 1146 2593 fortasse
1180 2557 1286 2593 sunt
1326 2548 1687 2605 interpretandae
1720 2566 1996 2606 sponsorum

235 2622 400 2665 amicae
432 2620 503 2666 vel
537 2621 821 2678 propinquae
856 2634 983 2676 quae,
1024 2628 1074 2664 ut
1105 2620 1241 2664 tradit
1274 2619 1458 2664 Proclus
1493 2619 1752 2675 (chrestom.
1786 2620 1995 2678 gramm.)

358 2787 383 2830 ¹)
412 2788 536 2831 Quem
574 2799 715 2821 morem
749 2791 903 2821 testatur
935 2787 1046 2821 Arist.
1088 2787 1166 2821 Pac.
1206 2786 1319 2822 8424.
1376 2787 1525 2821 Femina
1562 2788 1680 2831 capite
1714 2785 1838 2821 velato
1877 2784 1996 2830 digito

235 2852 415 2891 temperat
441 2858 587 2890 aquam,
615 2844 733 2890 figura
760 2843 981 2880 semiabdita
1008 2844 1184 2889 adportat
1207 2844 1423 2880 scabellum.

355 2918 383 2960 ⁴²)
411 2918 455 2952 A.
486 2916 575 2950 1885»
607 2922 734 2951 erutus
773 2921 827 2951 est
853 2928 870 2951 e
897 2915 1046 2951 tumulo
1074 2915 1120 2950 ad
1148 2915 1397 2960 Apolloniam
1425 2915 1602 2951 Thraciae
1628 2918 1700 2951 sito
1728 2921 1763 2951 et
1794 2917 1998 2960 acquisitus

237 2990 254 3011 e
282 2975 507 3011 collectione
534 2989 608 3011 van
637 2974 897 3020 Branteghem.

357 3048 384 3090 ³)
414 3048 456 3082 In
475 3045 629 3082 vasculo
649 3049 732 3091 ipso
751 3044 854 3081 haud
873 3051 947 3081 tam
968 3048 1183 3091 propinque
1204 3059 1315 3091 quam
1336 3044 1486 3081 videtur
1504 3045 1555 3081 ob
1575 3048 1741 3091 picturae
1762 3049 1996 3080 curvaturam

235 3108 274 3141 in
302 3105 568 3141 delineatione.
