2154 3403
1060 124 1113 167 14

325 281 458 337 Quae
490 279 627 325 verba
659 278 940 324 illustrantur
982 293 1075 321 ono
1114 292 1252 332 quem
1291 275 1463 332 primus
1503 272 1676 330 publici
1715 272 1820 317 fecit
1858 272 1967 316 iuris

207 350 451 395 Benndorf
479 351 585 405 (Gr.
627 368 669 394 u.
710 348 819 394 sizil.
852 346 1159 393 Vasenbilder
1195 345 1285 390 tab.
1321 346 1389 393 371
1429 343 1482 389 cf.
1517 344 1650 388 etiam
1685 342 1870 392 Robert,
1904 344 1966 395 ἐφ.

205 423 295 476 ἀρχ.
345 423 454 466 1892
489 438 530 478 p.
564 421 648 464 247
682 437 782 477 sqq.
817 427 859 464 et
890 419 1047 463 Wien.
1082 416 1212 462 Vorl.
1246 417 1357 460 VIII
1391 432 1452 459 no
1487 415 1598 469 5f6).
1665 413 1784 458 Illud
1816 412 1968 456 Photii

206 494 463 545 ἑκατέρωθεν
495 508 690 548 sponsos
724 508 812 534 una
851 490 1020 534 sedisse
1049 487 1155 533 sede
1189 487 1481 537 demonstrat,
1521 484 1601 529 sed
1634 483 1793 528 artifex
1832 482 1968 526 huius

208 562 396 620 quidem
429 561 600 608 vasculi
632 570 718 606 tres
742 560 877 605 offert
899 576 1114 617 personas
1138 558 1320 602 alteram
1343 574 1366 601 a
1389 564 1543 613 tergo
1568 554 1762 599 alterius.
1812 553 1969 598 Talem

208 634 253 677 in
293 633 485 677 modum
531 632 745 677 artificem
791 631 1049 676 distraxisse
1095 645 1310 686 personas
1356 644 1403 671 ac
1449 626 1689 683 digessisse
1734 623 1858 669 haud
1906 631 1971 668 est

208 705 411 755 inertiae;
458 710 632 760 quanto
677 702 813 746 fuerit
857 702 1056 758 ingenio,
1089 706 1238 744 totum
1271 706 1460 742 testatur
1500 713 1618 754 opus
1661 712 1840 740 summo
1874 711 1970 751 per-

208 774 377 818 fectum
409 773 598 819 artificio
633 773 710 828 (cf.
745 774 877 817 etiam
910 770 1025 816 illud
1051 770 1247 815 Pollucis
1269 770 1419 823 μεταξύ
1451 767 1580 826 quod
1604 766 1733 811 illum
1763 765 1971 811 ordinem

210 844 335 889 haud
409 844 645 890 excludit).
729 843 875 888 Aliter
925 859 993 886 res
1047 859 1091 886 se
1144 840 1281 885 habet
1332 838 1701 896 aggredientibus
1753 835 1972 894 pyxidem

211 916 355 959 musei
396 915 690 959 Atheniensis
734 914 811 968 (cf.
848 915 917 957 Er.
957 912 1047 957 tab.
1089 913 1157 967 81)
1198 928 1315 969 quae
1354 910 1475 954 illius
1515 917 1580 954 est
1617 907 1843 953 simillima
1881 907 1974 963 epi—

210 987 338 1037 netri,
373 987 409 1030 si
431 985 713 1043 neglegimus
738 983 957 1041 pingendi
986 982 1177 1027 modum
1202 983 1282 1040 qui
1313 988 1377 1026 est
1399 980 1710 1037 neglegentior
1733 978 1826 1022 illo.
1883 977 1971 1021 Hic

211 1058 369 1114 sponsi
415 1073 517 1100 cum
563 1056 722 1100 sedent
767 1055 875 1099 alter
920 1061 1024 1111 post
1056 1053 1258 1104 alterum,
1292 1051 1366 1096 ille
1409 1054 1595 1105 πάροχος
1633 1057 1734 1094 ante
1773 1050 1972 1093 iumenta

211 1135 308 1179 stat,
343 1144 542 1184 quorum
575 1129 729 1183 arripit
761 1126 898 1175 frena,
923 1124 1104 1182 qualem
1137 1125 1183 1167 in
1216 1123 1407 1167 modum
1431 1122 1613 1166 finxerit
1635 1119 1794 1165 artifex
1823 1118 1974 1163 mulos

212 1206 426 1255 rotasque
479 1198 658 1241 intuens
712 1196 944 1252 intelleges
997 1195 1146 1240 solum
1199 1195 1355 1238 inertia
1409 1210 1512 1237 eum
1559 1209 1653 1236 esse
1701 1188 1973 1247 impeditum

213 1269 463 1326 quominus
496 1267 598 1312 illos
633 1267 839 1312 sedentes
873 1266 1062 1324 fingeret
1094 1265 1283 1310 alterum
1317 1265 1465 1308 iuxta
1499 1262 1701 1308 alterum.

334 1351 674 1395 Deductionem
707 1349 830 1394 haud
870 1348 1013 1393 modo
1054 1366 1184 1393 curru
1223 1347 1384 1392 factam
1424 1347 1561 1401 esse¹)
1608 1344 1687 1390 sed
1729 1344 1861 1388 etiam
1900 1359 1974 1399 pez

214 1422 352 1467 dibus
385 1421 469 1466 alia
503 1421 696 1466 edocent
729 1420 907 1465 vascula
940 1419 1097 1477 figuris
1130 1418 1277 1463 rubris
1312 1425 1480 1462 ornata.

332 1507 625 1549 Momentum
668 1521 763 1561 quo
803 1520 999 1559 sponsus
1039 1501 1221 1546 obviam
1255 1502 1289 1545 it
1320 1501 1483 1557 virgini
1527 1499 1615 1543 sibi
1659 1497 1879 1548 addictae,
1928 1503 1978 1540 ut

215 1575 405 1620 domum
431 1575 639 1625 deducat,
664 1574 780 1618 duae
809 1573 1026 1630 praebent
1059 1573 1258 1629 picturae
1282 1573 1396 1615 inter
1420 1588 1465 1615 se
1490 1569 1756 1619 simillimae,
1783 1584 1976 1625 quarum

216 1646 350 1690 altera
392 1653 564 1702 reperta
607 1645 664 1689 ad
709 1643 1014 1700 Picrodaphni
1056 1642 1229 1700 publici
1271 1643 1379 1686 iuris
1421 1641 1535 1686 facta
1578 1648 1643 1685 est
1690 1640 1746 1684 ab
1792 1637 1976 1694 Heyde-

217 1734 398 1768 manno,
433 1718 514 1762 Gr.
548 1715 850 1760 Vasenbilder
881 1714 971 1759 tab.
1010 1716 1075 1765 10,
1109 1713 1242 1758 altera
1284 1714 1410 1758 Sunii
1453 1719 1624 1769 reperta
1663 1709 1803 1755 hodie
1844 1711 1977 1753 Bero-

216 1787 296 1832 lini
329 1795 580 1832 asservatur
613 1788 799 1841 (Furtw.
835 1803 895 1829 no
928 1785 1042 1829 2373
1078 1783 1131 1828 cf.
1166 1783 1302 1828 Arch.
1343 1785 1444 1840 Ztg.
1491 1784 1600 1827 1882
1640 1781 1729 1826 tab.
1771 1782 1840 1835 5);
1890 1796 1978 1823 una

217 1858 458 1902 eruebatur
491 1874 592 1902 cum
626 1856 811 1901 vasculo
846 1854 975 1913 quod
1008 1856 1134 1899 iuxta
1167 1871 1381 1911 sponsam
1414 1853 1600 1911 praebet
1637 1852 1979 1908 inscriptionem

216 1931 314 1970 καλε
330 1928 487 1973 litteris
506 1927 756 1972 confectam
776 1927 947 1984 quibus
971 1925 1214 1970 utebantur
1236 1926 1377 1970 Attici
1401 1932 1501 1969 ante
1527 1923 1729 1968 Euclidis
1752 1921 1979 1966 archontis

217 2008 435 2056 tempora.
500 2000 552 2043 In
586 2006 775 2055 utraque
809 1998 1004 2054 imagine
1038 1997 1215 2040 iuvenis
1248 2013 1385 2053 quem
1416 1996 1621 2052 sequitur
1647 1994 1814 2038 femina
1838 1992 1979 2036 facem

218 2087 376 2128 gerens
424 2069 596 2114 accedit
649 2086 842 2125 sponsae
897 2084 1014 2125 quae
1068 2084 1243 2111 summa
1300 2067 1520 2123 pudicitia
1575 2064 1734 2110 oculos
1786 2063 1982 2107 demittit

218 2143 302 2183 κατ’
342 2143 506 2194 ὄμματα
539 2142 642 2181 καλά
675 2142 869 2193 βαλοῦσα,
904 2146 953 2182 ut
984 2138 1177 2194 legimus
1210 2139 1256 2182 in
1298 2139 1438 2181 Hom.
1473 2136 1628 2193 hymn.
1663 2133 1876 2192 Aphrod.
1912 2135 1980 2177 IV

225 2213 319 2263 156,
354 2211 465 2255 dum
499 2210 657 2255 ancilla
693 2212 810 2264 (virgus
826 2211 983 2262 οκόμος
1004 2208 1075 2253 vel
1098 2209 1408 2262 νῑῃιιφεύτριαβ)
1434 2207 1616 2252 ordinat
1639 2207 1736 2251 eius
1760 2204 1977 2250 velamen.

221 2282 375 2326 Altera
420 2282 769 2338 repraesentatio
809 2297 944 2336 super
983 2296 1178 2336 sponsos
1217 2278 1491 2335 pendentem
1539 2276 1723 2334 praebet
1761 2277 1981 2320 Amorem

220 2352 466 2403 tibicinem,
499 2353 544 2396 in
578 2352 711 2396 altera
746 2368 939 2408 sponsae
972 2349 1157 2395 advolat
1187 2350 1334 2394 Amor
1366 2358 1522 2394 tenens
1555 2347 1730 2393 collare.
1793 2345 1878 2391 Vel
1910 2345 1981 2389 hic

221 2423 292 2467 vel
325 2424 370 2467 in
404 2422 501 2467 aliis
535 2422 761 2467 eiusmodi
796 2420 1327 2478 repraesentationibus&
1361 2421 1618 2465 invenimus
1650 2417 1766 2463 illud
1795 2420 1887 2472 χεῖρ’
1920 2418 1983 2458 ἐπὶ

346 2565 369 2606 ¹)
398 2565 471 2599 Etsi
499 2563 558 2599 hic
591 2570 667 2599 erat
694 2576 773 2598 mos
801 2565 982 2603 usitatior,
1017 2568 1057 2597 ut
1084 2560 1329 2597 concluserim
1359 2574 1377 2596 e
1407 2560 1498 2596 Poll.
1528 2562 1559 2595 ΙΙ
1596 2562 1658 2595 195
1686 2562 1751 2605 qui
1779 2558 1869 2595 dicit
1894 2572 1920 2594 s.
1948 2572 1982 2594 v.

222 2623 609 2667 χαλιιαίπονς’ἐκάλουν
636 2622 673 2654 ὁὲ-
699 2622 792 2654 offro)
820 2621 880 2664 τὴν
907 2620 983 2653 οὒκ
1011 2620 1076 2652 ἐπὶ
1105 2620 1284 2662 ζειήὀνς
1312 2619 1550 2662 κυλιιιζωλιιὲτνχν
1579 2619 1731 2662 νύμφην.

344 2696 370 2737 2)
397 2693 456 2730 Cf
486 2695 574 2729 Hes,
601 2706 627 2728 s,
656 2707 707 2728 v‚:
737 2693 754 2735 ι]
783 2691 1059 2734 (ῑιχιι,τ.ι·,ιι.-ιομέι’))
1091 2690 1155 2723 [κτὰ
1182 2695 1251 2723 τῶν
1278 2691 1407 2733 γονέων
1434 2696 1472 2733 η’]
1503 2691 1621 2733 νύμφῃ
1648 2689 1896 2732 πιιράίἰγυῃος.

344 2766 369 2808 ³)
398 2764 456 2801 Cf.
485 2763 620 2809 figuras
648 2763 915 2808 pulcherrimas
942 2761 1123 2807 operculo
1143 2761 1390 2806 agglutinatas
1422 2761 1564 2806 speculi
1597 2760 1780 2806 capsulae,
1814 2772 1909 2804 quae
1940 2771 1984 2794 ex

226 2823 390 2860 Eduardi
418 2822 625 2859 Schaubert
657 2821 948 2858 collectionibus
987 2823 1025 2855 in
1065 2833 1233 2855 museum
1268 2823 1413 2855 transiit
1444 2819 1770 2864 archaeologicum
1799 2817 1984 2854 Vratisla-

224 2886 370 2924 viense;
410 2882 552 2928 publici
580 2885 669 2916 iuris
702 2880 788 2916 fecit
814 2879 1042 2923 uberiusque
1070 2878 1286 2924 explanavit
1318 2880 1484 2914 Foerster
1511 2878 1532 2914 l.
1561 2891 1588 2914 c.
1641 2877 1698 2913 Cf.
1727 2880 1835 2913 etiam
1862 2889 1984 2912 sarco-

226 2942 390 2987 phagum
420 2943 625 2976 Parisinum
653 2939 766 2983 (Rob.
797 2940 826 2974 ll
854 2938 926 2974 tab.
952 2938 1028 2980 189)
1055 2941 1120 2982 qui
1148 2951 1166 2972 a
1194 2937 1322 2973 dextra
1350 2943 1450 2982 parte
1479 2937 1632 2982 praebet
1658 2939 1808 2982 nuptias
1842 2937 1984 2971 Iasonis

226 3006 261 3036 et
287 2999 445 3035 Medeae
472 2999 680 3035 secundum
702 3002 797 3034 vitae
818 3000 1028 3033 communis
1048 2999 1158 3032 ritum
1178 2997 1483 3041 (repraesentatio
1504 3002 1556 3031 est
1574 2998 1772 3041 tripertita:
1801 3008 1819 3030 a
1838 2997 1984 3030 sinistra

226 3058 398 3094 videmus
426 3060 595 3093 Iasonem
630 3057 766 3093 vellere
794 3060 1011 3102 potientem,
1040 3058 1078 3090 in
1106 3054 1227 3090 media
1254 3061 1356 3099 parte
1383 3061 1436 3090 est
1463 3054 1677 3099 exsculptus
1703 3060 1897 3089 taurorum
1916 3052 1985 3088 do-

227 3119 366 3162 mitus).
419 3116 699 3162 Paranymphae
728 3129 880 3151 munere
908 3114 1078 3160 fungitur
1106 3116 1231 3149 nutrix
1252 3113 1425 3155 Medeae;
1463 3115 1559 3149 luno
1580 3112 1755 3158 pronuba
1774 3124 1870 3157 quae
1889 3114 1985 3147 inter
