2154 3403
1045 139 1142 202 26777„

192 287 322 345 quod
345 288 406 333 ob
431 290 654 334 actionem
678 291 1042 348 progredientem
1066 290 1177 335 mihi
1201 291 1382 336 videtur
1404 291 1705 343 verisimilius,
1739 292 1952 337 artificem

191 358 376 403 finxisse
419 377 585 404 novam
627 368 815 418 nuptam
865 379 981 419 quae
1031 369 1081 406 ut
1127 379 1302 418 semper
1349 363 1534 406 maritus
1583 370 1760 407 maneat
1805 362 1954 407 fidelis

191 431 333 474 utitur
354 431 552 487 iynge¹);
588 431 641 475 cf.
666 431 857 477 Theocr.
884 434 925 477 II
955 434 1023 477 17:
1058 436 1157 486 ἴυγξ,
1190 434 1279 474 ἕλκε
1299 434 1344 474 τὺ
1365 439 1485 487 τῆνον
1507 434 1608 486 ἐμὸν
1630 435 1720 475 ποτὶ
1743 435 1865 487 δῶμα
1886 435 1956 476 τὸν

191 502 333 554 ἄνδρα.
397 502 489 546 Cui
522 503 823 548 instrumento
857 511 1074 560 quantam
1107 503 1347 547 tribuerint
1385 504 1477 548 vim
1517 504 1750 561 magicam,
1793 504 1839 548 hi
1879 504 1955 549 de-

191 579 445 617 monstrant
476 590 631 618 versus
665 573 830 628 (Anth.
867 573 956 618 Pal.
991 576 1036 618 V
1069 575 1197 628 205):

564 645 674 698 ’Ίυγξ
704 647 728 698 ἡ
761 645 919 691 ΆΤικοῦς
949 647 973 699 ἡ
1008 646 1075 686 καὶ
1108 646 1336 686 διαπόντιον
1367 646 1494 686 ἕλκειν

572 717 701 768 ἄνδρα
733 717 798 756 καὶ
831 718 877 756 ἐκ
912 717 1113 769 θἀλάΙιιων
1143 716 1292 761 παῖδας
1322 717 1572 770 ἐπισταμένη.

194 785 448 843 Explicatio
472 785 608 831 huius
628 803 811 830 scaenae
842 804 977 843 quam
1003 785 1190 843 praebet
1213 785 1629 844 Bouche-Leclercq
1655 788 1710 842 (s.
1735 806 1774 832 v.
1799 787 1956 831 lustra-

191 857 713 915 tio-Dar.sSagl.fPott.)‚
749 857 1065 913 „purification
1100 875 1178 914 par
1211 858 1472 914 aspersion“
1506 857 1632 902 haud
1662 859 1812 902 minus
1845 857 1955 902 falsa

192 945 330 985 quam
362 927 563 973 lebetum
603 945 722 985 quos
761 935 893 973 vocat
925 945 1080 979 „vases
1103 932 1126 971 a
1150 927 1418 972 lustration“
1444 927 1520 983 (cf.
1546 945 1587 985 p.
1617 929 1705 983 10),
1740 927 1957 973 refellitur

192 998 264 1044 vel
307 1000 500 1043 Himero
541 998 736 1044 rotulam
778 999 899 1043 illam
941 998 1153 1044 volvente
1196 1000 1242 1043 in
1275 998 1436 1055 hydria
1470 1016 1607 1056 quam
1642 999 1815 1056 publici
1847 1000 1955 1043 iuris

192 1069 297 1114 fecit
341 1069 521 1121 Milani,
567 1072 782 1114 Monum.
829 1069 952 1114 scelti
986 1069 1028 1114 d.
1065 1072 1115 1114 R.
1156 1071 1281 1114 Mus.
1323 1069 1439 1114 arch.
1483 1069 1530 1114 di
1574 1071 1754 1114 Firenze
1796 1069 1885 1114 tab.
1930 1071 1956 1113 4

194 1142 289 1195 (Br.
325 1157 366 1197 p.
401 1142 494 1196 79),
540 1149 582 1186 et
625 1140 697 1186 vel
735 1142 781 1185 in
828 1142 1024 1186 Hauseri
1071 1140 1375 1185 delineatione
1421 1140 1764 1199 diligentissima
1799 1141 1954 1195 (F.-R.

192 1211 282 1256 tab.
318 1213 415 1266 573)
449 1212 596 1257 rotula
630 1211 742 1257 clare
776 1220 972 1270 apparet.

907 1485 1132 1565 Caput
1161 1488 1248 1551 V.

314 1603 336 1658 §
375 1604 438 1646 11.
504 1604 642 1646 Hunc
678 1620 867 1659 quoque
900 1610 1061 1660 typum
1096 1610 1341 1660 postquam
1365 1604 1587 1660 persecuti
1611 1620 1767 1648 sumus
1792 1620 1815 1647 a
1839 1603 1958 1660 prin—

196 1675 324 1731 cipiis
358 1691 504 1731 usque
549 1674 604 1718 ad
646 1673 915 1730 exemplaria
949 1673 1318 1731 splendidissima
1351 1675 1651 1719 recentiorum
1684 1681 1957 1730 temporum,

197 1753 511 1790 convertamus
544 1762 628 1789 nos
661 1744 717 1788 ad
752 1744 953 1789 alterum.
1017 1744 1320 1789 Vasculorum
1354 1746 1471 1789 enim
1506 1745 1663 1803 figuris
1702 1745 1850 1789 rubris
1890 1762 1959 1789 or-

196 1824 403 1861 natorum
424 1817 624 1873 picturae
640 1815 764 1860 haud
784 1815 933 1860 solum
956 1817 1002 1860 in
1026 1817 1381 1873 praeparationis
1405 1824 1638 1861 versantur
1661 1816 1958 1866 caerimoniis,

195 1889 222 1932 i.
258 1905 293 1932 e.
328 1888 573 1944 aquatione
607 1894 649 1931 et
681 1904 874 1944 sponsae
908 1888 1158 1937 ornatione,
1199 1886 1278 1931 sed
1312 1888 1444 1931 etiam
1479 1904 1673 1944 sponsos
1706 1888 1752 1931 in
1785 1903 1958 1932 novum

197 1959 468 2003 comitantur
502 1957 786 2002 domicilium
821 1959 1189 2002 coniunctionem
1223 1959 1365 2015 ipsam
1390 1965 1626 2002 tractantes
1650 1959 1855 2015 ritusque
1879 1958 1959 2015 qui

197 2030 505 2087 sequebantur
537 2036 720 2086 postero
755 2028 841 2073 die.

315 2099 548 2146 Cubiculo
598 2101 699 2157 ipso
748 2117 960 2157 persaepe
1009 2108 1342 2157 repraesentato
1390 2101 1540 2145 minus
1586 2099 1808 2151 offendes,
1858 2116 1960 2144 curn

197 2172 452 2216 memineris
486 2170 665 2215 vascula
698 2170 865 2215 talibus
899 2173 1067 2216 scaenis
1102 2179 1256 2216 ornata
1291 2173 1471 2228 sponsis
1505 2171 1672 2215 donata
1703 2188 1797 2215 esse
1820 2170 1959 2222 haud,

199 2250 248 2287 ut
289 2260 372 2286 nos
412 2242 746 2292 consuevimus,
787 2249 887 2286 ante
928 2243 1123 2299 nuptias,
1164 2242 1243 2287 sed
1288 2242 1522 2299 postridie,
1572 2249 1622 2286 ut
1669 2241 1807 2299 paulo
1856 2249 1960 2299 post

199 2312 538 2358 demonstrabo.

317 2385 526 2440 Quarum
560 2384 1022 2440 repraesentationum
1046 2385 1243 2440 primum
1278 2384 1455 2428 obtinet
1487 2383 1638 2428 locum
1671 2383 1746 2427 illa
1779 2384 1959 2440 parietis

199 2456 370 2512 pictura
404 2471 542 2511 quam
575 2471 735 2499 vocare
769 2454 967 2498 solemus
1003 2455 1482 2506 „Aldobrandinische
1520 2454 1789 2499 Hochzeit“.
1856 2456 1959 2498 Hoc

199 2529 245 2571 in
278 2533 493 2571 contextu
527 2543 623 2570 eam
658 2542 979 2577 commemoro
1014 2527 1121 2583 quia
1145 2527 1366 2583 originem
1390 2526 1515 2570 ducit
1543 2543 1566 2569 a
1590 2526 1763 2582 pictura
1788 2526 1961 2570 Graeca

201 2599 496 2654 Graecosque
530 2596 662 2641 refert
694 2613 841 2640 mores
876 2596 953 2651 (cf.
990 2596 1227 2648 Rossbach,
1263 2599 1392 2641 Rom.
1429 2596 1698 2641 Hochzeits-
1728 2595 1823 2640 und
1849 2594 1961 2639 Ehe-

200 2667 462 2713 denkm'aler
494 2684 536 2724 p.
576 2669 615 2711 l:
657 2668 777 2718 „Die
819 2684 914 2724 sog.
958 2667 1154 2712 Aldobr.
1200 2667 1428 2712 Hochzeit
1465 2669 1521 2711 ist
1560 2668 1657 2712 eine
1696 2666 1814 2711 ideal
1854 2665 1960 2710 freie

201 2739 528 2795 Composition
561 2739 605 2782 in
640 2737 867 2782 durchaus
912 2737 1076 2795 griech.
1122 2739 1279 2783 Geiste
1322 2738 1416 2782 und
1457 2738 1569 2782 muss
1616 2737 1755 2782 daher
1802 2736 1961 2781 ausser-

202 2809 306 2854 halb
341 2809 419 2853 des
455 2809 633 2853 Kreises
667 2826 848 2853 unserer
884 2808 1187 2865 Betrachtung
1226 2808 1437 2853 bleiben“
1480 2808 1533 2853 cf.
1579 2810 1797 2852 Foerster'
1822 2807 1960 2852 Arch.

323 2952 349 2994 ¹)
378 2952 432 2986 Ut
458 2949 667 2985 secundum
690 2949 922 2995 Hesychium
941 2962 967 2985 s.
988 2963 1020 2985 v.
1041 2949 1252 2994 appellatur
1277 2949 1400 2984 rotula
1425 2949 1504 2985 illa:
1533 2949 1600 2982 ἀπὸ
1620 2954 1678 2981 rosv
1698 2949 1822 2991 ὀρνέων
1842 2948 1901 2981 καὶ
1923 2947 1960 2981 τὰ

202 3010 532 3051 χιι]«ισκπ-ιίιζιὶλιιενιι
575 3009 622 3041 ,cal-
663 3009 794 3050 ist-,mmr
838 3010 954 3051 ἴυγγα
991 3009 1157 3041 καλοῦσιν
1191 3007 1295 3050 (hacc
1329 3010 1671 3051 κιιτιιῡκμι’(ιζιῖμμνα,
1704 3011 1961 3049 instrumenta,

202 3069 346 3105 rotulae
380 3068 538 3103 formam
572 3067 747 3104 habuisse
780 3074 935 3104 testatur
968 3067 1100 3103 Suidas
1133 3081 1158 3102 s.
1188 3081 1219 3102 v.
1248 3068 1314 3098 510„
1350 3067 1387 3098 δὲ
1420 3067 1477 3100 καὶ
1512 3068 1658 3110 ι’ίργαινιὶν
1694 3081 1720 3099 τι
1756 3068 1842 3109 ἴυγξ,
1876 3068 1960 3108 ''im-9

200 3127 367 3160 xioh'hmzr
394 3128 430 3159 ns
455 3128 677 3170 rsuffltaxt'beg
705 3127 910 3170 στρέφειν
937 3127 985 3163 ὡς
1013 3127 1316 3169 κατακηλοίχιιιϊιιι
1348 3126 1424 3163 τοὺς
1452 3126 1731 3169 (Zyumosaizwnvg).
