2154 3403
1030 85 1082 128 10

173 237 463 283 comederent
504 237 583 282 sed
627 245 676 282 ut
717 238 848 295 quasi
887 236 1085 294 symboli
1127 238 1264 281 instar
1312 235 1616 293 significarent
1649 251 1726 279 eos
1760 251 1935 292 semper

174 309 455 354 cotidianum
488 309 658 354 victum
691 307 1000 352 abundantem
1034 325 1128 352 esse
1162 306 1413 351 habituros.

291 379 478 424 Lebetes
517 396 601 423 nos
640 387 754 423 recte
793 380 1107 435 interpretatos
1150 395 1244 422 esse
1288 376 1580 421 confirmatur
1620 375 1775 420 tabula
1818 393 1934 434 quae

172 452 218 495 in
263 450 449 507 pyxidis
494 450 636 494 musei
684 449 985 494 Londinensis
1027 450 1199 505 pictura
1243 449 1379 503 (F.-R.
1422 446 1512 491 tab.
1556 447 1654 501 573)
1697 447 1936 504 supposita

174 530 240 566 est
280 520 473 566 vasculis
523 528 572 564 ut
619 519 800 577 colligat
847 520 1051 563 cinerem.
1131 518 1315 563 Deinde
1363 517 1571 562 intendas
1619 516 1754 562 velim
1803 534 1936 562 ansae

174 609 312 650 quam
360 592 448 635 sint
492 590 686 647 illigatae
731 590 830 641 alte,
876 591 1088 634 nimirum
1133 606 1189 633 ne
1235 589 1315 649 qui
1359 587 1536 632 tolleret
1582 605 1660 633 vas
1707 586 1936 633 fervidum

173 663 370 707 laederet
412 678 586 705 manus.
651 661 908 705 Vetustiore
954 668 1094 704 aetate
1140 659 1332 704 lebetem
1377 657 1501 703 haud
1542 657 1794 703 cohaesisse
1834 676 1935 703 cum

174 733 291 791 pede
323 733 421 777 luce
459 731 618 776 clarius
658 739 735 783 est,
782 733 988 788 superior
1026 730 1156 788 pedis
1195 747 1296 787 pars
1335 746 1436 774 cum
1476 746 1651 786 semper
1689 729 1746 773 sit
1783 730 1938 774 acriter

174 811 416 854 recurvata,
447 820 502 846 ne
533 802 709 846 caderet
732 803 998 859 impositum
1020 818 1112 852 vas,
1147 809 1188 845 et
1210 800 1396 844 inferior
1418 799 1578 844 lebetis
1602 816 1702 856 pars
1727 800 1938 856 praebeat

175 881 491 920 ornamentum
533 872 667 916 radiis
710 873 885 929 insigne
927 871 1364 926 (Strablenmusteffl,
1399 870 1530 928 quod
1564 871 1695 928 quasi
1727 870 1935 915 turbatur

174 945 291 1003 pede
325 944 581 1001 supposito.
648 945 710 986 Re
743 960 845 987 vera
880 943 982 986 talia
1022 943 1268 998 reperimus
1308 940 1488 986 vascula
1528 940 1699 998 pedum
1739 942 1937 998 expertia

174 1018 219 1060 in
258 1017 519 1072 nuptiarum
559 1013 1047 1070 repraesentationibus
1081 1012 1292 1056 archaicis
1326 1011 1402 1067 (cf.
1438 1013 1538 1056 Cat.
1573 1012 1621 1056 ot
1659 1029 1748 1057 vas.
1785 1013 1829 1056 in
1862 1011 1937 1056 the

176 1089 246 1131 Er.
283 1088 406 1130 Mus.
442 1087 483 1129 II
517 1084 606 1129 tab.
642 1086 686 1128 V
723 1086 755 1128 Β
795 1085 896 1138 197)
922 1092 964 1128 et
987 1085 1082 1127 eius
1105 1083 1232 1127 modi
1258 1082 1490 1127 vasculum
1516 1084 1763 1127 Eretriense
1786 1084 1937 1136 ipsum

175 1157 360 1215 praebet
399 1173 602 1200 scaenam
643 1154 906 1211 nuptialem,
946 1154 1269 1198 deductionem
1311 1153 1429 1197 Pelei
1469 1161 1511 1197 et
1549 1153 1771 1204 Thetidis,
1821 1170 1937 1211 quae

175 1236 315 1273 certae
349 1235 454 1271 sunt
490 1226 661 1283 figurae
695 1225 1070 1282 inscriptionibus
1092 1222 1192 1282 l—li‘fl
1218 1230 1245 1274 Ιχ
1347 1226 1435 1269 Ort&
1461 1223 1537 1279 (cf.
1570 1226 1776 1276 Laurent,
1815 1226 1938 1279 ἕφημ.

175 1300 354 1353 ἀρχαιολ.
392 1298 497 1341 1901
534 1296 623 1341 tab.
662 1297 727 1347 12,
762 1295 845 1340 col.
885 1297 1001 1350 177).

294 1393 446 1428 Lebetes
472 1394 502 1426 si
529 1396 651 1426 essent
669 1389 878 1435 accipiendi
899 1403 1025 1430 „vases
1046 1393 1065 1425 a
1091 1389 1290 1425 lustration
1311 1389 1451 1425 devant
1469 1389 1503 1425 la
1522 1396 1629 1435 porte
1649 1389 1695 1425 de
1714 1389 1749 1425 la
1768 1393 1938 1432 mariee“,

176 1451 281 1498 quod
316 1449 514 1487 contendit
548 1448 891 1493 BouchesLeclercq
925 1450 967 1492 (s.
1001 1462 1035 1484 v.
1075 1452 1241 1481 lustralia
1277 1452 1316 1483 in
1349 1450 1632 1494 Antiquitatum
1672 1448 1793 1485 lexico
1832 1448 1939 1494 quod

176 1516 402 1548 curaverunt
441 1507 1019 1553 Daremberg*SagliofPottier),
1055 1514 1150 1543 certe
1176 1506 1364 1543 sufficeret
1397 1521 1534 1543 unum
1567 1507 1772 1549 vasculum,
1800 1507 1938 1544 deinde

175 1576 331 1606 ornatus
357 1567 468 1604 valde
495 1566 714 1602 abhorreret
741 1580 760 1602 a
787 1566 1021 1607 lustratione,
1049 1572 1128 1601 tum
1156 1565 1246 1602 haec
1274 1569 1532 1612 interpretatio
1560 1569 1712 1602 minime
1740 1567 1940 1613 quadraret

175 1629 222 1665 ad
250 1635 386 1664 ceteras
418 1629 580 1672 picturas
615 1629 654 1661 in
687 1625 827 1670 quibus
861 1631 1064 1661 occurrunt
1097 1625 1252 1667 lebetes;
1292 1631 1370 1661 tota
1398 1628 1656 1671 interpretatio
1684 1625 1788 1662 haud
1814 1630 1939 1662 minus

175 1688 267 1724 falsa
294 1700 407 1732 quam
434 1684 602 1721 eiusdem
629 1687 699 1720 viri
725 1684 839 1720 altera
866 1683 913 1720 ad
947 1684 1042 1720 hanc
1078 1688 1260 1730 picturam
1295 1688 1497 1730 pertinens,
1535 1684 1581 1721 de
1609 1699 1683 1730 qua
1710 1685 1827 1731 paulo
1854 1691 1940 1731 post

175 1760 292 1793 agam.

294 1818 317 1873 §
350 1818 390 1861 2.
455 1817 631 1860 Praeter
662 1813 959 1870 lutrophoros
993 1822 1035 1859 et
1067 1814 1235 1860 lebetes
1270 1832 1388 1873 quos
1419 1816 1547 1872 quasi
1573 1814 1754 1860 vascula
1779 1832 1939 1873 possu-

176 1906 277 1933 mus
310 1904 470 1932 vocare
503 1884 724 1942 nuptialia
758 1886 890 1929 etiam
923 1885 1006 1929 alia
1041 1885 1233 1942 plurima
1266 1885 1484 1942 praebent
1506 1887 1764 1930 testimonia
1787 1888 1939 1943 nupti-

176 1977 302 2005 arum
332 1961 516 2008 rituum,
549 1957 769 2013 imprimis
793 1955 986 2012 pyxides
1009 1955 1110 2000 illae
1135 1956 1306 2014 quibus
1330 1974 1464 2001 omne
1488 1957 1755 2001 abundabat
1775 1974 1940 2015 gynae-

177 2048 305 2076 ceum
339 2038 381 2074 et
413 2044 606 2086 quarum
641 2026 888 2083 permultae
931 2034 1035 2070 sunt
1074 2035 1255 2071 ornatae
1300 2029 1561 2084 nuptiarum
1603 2029 1940 2084 repraesentati-

177 2100 359 2145 onibus.
426 2099 656 2142 Nimirum
692 2096 753 2141 ob
788 2098 1079 2153 exiguitatem
1114 2098 1392 2155 nimiamque
1425 2097 1513 2142 loci
1537 2099 1790 2155 angustiam
1813 2098 1938 2143 haud

177 2178 283 2216 sunt
313 2178 403 2215 tam
439 2168 599 2213 uberes
632 2184 769 2224 quam
794 2167 867 2211 illa
891 2185 994 2212 vasa
1018 2169 1206 2219 maiora;
1241 2186 1455 2226 persaepe
1479 2169 1735 2226 complures
1759 2186 1939 2214 scaenas

178 2258 294 2300 quae
318 2239 626 2297 sequebantur
648 2237 782 2282 altera
806 2238 985 2282 alteram
1009 2240 1055 2282 in
1080 2256 1214 2282 unam
1239 2239 1461 2297 colligunt
1483 2241 1939 2296 repraesentationem

178 2312 255 2368 (cf.
290 2310 427 2356 Arch.
457 2308 612 2366 Jahrb.
651 2310 716 2359 15,
755 2310 864 2353 1900
897 2308 987 2353 tab.
1021 2310 1047 2352 2
1082 2316 1124 2353 et
1157 2311 1275 2354 F.2R.
1311 2311 1423 2365 573).

296 2380 479 2426 Deinde
512 2382 625 2425 ὄνος
658 2378 751 2434 (vel
785 2381 1062 2433 ἑπίνητρον)
1097 2380 1380 2436 nuptialibus
1404 2382 1574 2425 scaenis
1599 2380 1796 2438 repletus
1820 2398 1940 2426 com-

177 2451 500 2498 memorandus
535 2459 612 2495 est.

296 2536 504 2579 Margareta
540 2534 651 2577 Lang,
686 2533 781 2573 „Die
816 2533 1073 2577 Bestiinmung
1107 2532 1171 2568 des
1206 2534 1315 2569 Onos
1348 2533 1441 2569 oder
1475 2535 1706 2579 Epinetron‘⁴
1739 2533 1862 2569 Berol.
1894 2534 1939 2569 08

179 2608 258 2631 ono
287 2595 463 2639 exposuit
490 2604 572 2628 usas
600 2604 675 2627 esse
703 2590 871 2631 feminas,
899 2597 939 2626 ut
966 2597 1051 2626 neta
1071 2590 1132 2626 fila
1153 2591 1330 2634 levarent,
1358 2596 1577 2638 priusquam
1596 2597 1775 2629 texerent.
1818 2590 1939 2637 Quod

178 2667 262 2689 cum
291 2652 518 2687 Bluemnero
539 2650 650 2693 (Berl.
671 2649 805 2685 Philol.
826 2649 961 2685 Woch.
989 2652 1034 2685 09
1061 2664 1085 2685 n
1111 2651 1172 2693 40)
1200 2657 1235 2686 et
1266 2650 1621 2696 'frendelenburgio
1654 2650 1804 2695 (Woch.
1837 2650 1861 2687 f.
1888 2650 1938 2687 kl.

180 2711 314 2748 Philol.
341 2712 386 2746 09
414 2724 436 2745 n
464 2711 498 2753 8)
527 2709 660 2745 falsum
688 2716 792 2754 puto.
847 2710 1013 2754 Epinetri
1041 2722 1149 2744 usum
1178 2713 1365 2754 perspexit
1391 2711 1434 2746 C.
1468 2709 1610 2745 Robert
1643 2709 1713 2752 (ἐφ.
1741 2709 1820 2753 ἀρχ.
1852 2710 1939 2745 1892

178 2771 248 2807 col.
276 2771 361 2814 247)
388 2772 453 2814 qui
480 2767 576 2804 illud
605 2768 690 2800 rae‘w·
718 2780 735 2802 e
763 2780 840 2812 quo
868 2771 1158 2803 instrumentum
1187 2781 1328 2804 nomen
1355 2769 1486 2814 cepit¹)
1513 2774 1608 2804 recte
1635 2767 1796 2814 explicat
1821 2766 1939 2804 verbo

179 2829 361 2871 muysfiew,
381 2831 402 2863 i.
424 2841 453 2863 e.
475 2840 632 2873 pensum
661 2827 742 2868 ὀίἰμ,
769 2830 833 2871 qui
854 2827 1007 2871 praebet
1026 2826 1183 2862 formam
1203 2830 1297 2862 asini
1316 2830 1418 2873 tergi,
1446 2826 1743 2863 accumulare.
1784 2816 1940 2863 Roberti

179 2887 422 2933 explicationi
450 2899 545 2931 quae
572 2885 630 2921 vel
651 2884 723 2920 hoc
742 2888 980 2921 instrumenti
1000 2889 1154 2921 nomine
1174 2885 1460 2921 commendatur
1474 2898 1644 2922 assensus
1659 2891 1712 2922 est
1726 2884 1940 2931 Stephanus

178 2948 225 2982 A.
253 2944 520 2981 Xanthudides
548 2943 706 2989 (Athen.
734 2945 832 2980 Mitt.
860 2945 914 2985 35,
942 2945 1033 2987 323),

302 3076 325 3118 ¹)
342 3073 400 3110 Cf,
418 3073 509 3110 Poll,
526 3074 667 3110 Onom¹
683 3074 754 3109 VII
773 3074 832 3109 32:
852 3072 905 3115 ἐφ’
928 3072 969 3105 οὗ
989 3072 1026 3105 ὁὲ-
1046 3072 1216 3115 νὴθυυσιν
1235 3073 1253 3116 ι’)
1274 3077 1380 3107 νῶσιν
1398 3073 1582 3117 ἑπίνητρον
1600 3074 1753 3107 καλεῖται
1771 3072 1831 3107 καὶ
1849 3073 1939 3110 ὄνος.
