2154 3403
1040 116 1096 158 20

188 264 378 322 duoque
426 265 621 310 Amores
670 283 869 323 quorum
917 285 1035 312 unus
1083 267 1300 325 pulvinos
1350 285 1469 325 quos
1518 269 1556 312 ei
1602 268 1737 314 offert
1780 269 1947 315 femina

189 337 337 380 currui
370 343 436 380 est
476 337 787 392 impositurus.
850 338 956 382 Alia
999 338 1166 382 femina
1210 356 1344 395 super
1386 356 1530 383 arcam
1573 339 1769 384 flectitur
1812 358 1950 398 quam

188 405 292 450 illos
334 407 611 451 continuisse
653 408 894 452 verisimile
937 416 1014 460 est,
1064 408 1175 453 dum
1218 409 1335 453 duae
1378 408 1742 466 contemplantur
1783 418 1951 467 specta—

189 477 342 522 culum
376 479 562 522 otiosae.
628 479 783 523 Nobis
817 479 965 523 solum
999 497 1066 524 res
1100 488 1165 524 est
1203 497 1303 524 cum
1345 482 1754 537 repraesentatione
1793 482 1950 526 antica.

191 548 490 592 Perdrizetius
536 566 740 593 scaenam
783 550 1051 594 sacrificium
1094 558 1223 607 putat
1267 568 1360 595 esse
1403 550 1649 608 nuptiale¹)
1692 550 1822 603 falso,
1864 551 1951 596 hoc

190 619 456 664 sacrificium
490 637 591 664 cum
624 628 725 664 ante
759 620 1082 665 deductionem
1116 621 1242 666 fieret
1273 623 1318 665 in
1353 639 1547 678 sponsae
1581 621 1786 677 domo'2);
1821 622 1951 667 focus

190 690 414 747 significat
458 690 648 734 domum
693 692 837 735 mariti
885 709 1022 749 quam
1067 700 1241 749 petunt.
1319 694 1473 749 Quem
1518 692 1728 737 habuerit
1770 710 1951 737 sensum

190 761 442 806 calceorum
481 762 661 806 iactatio
694 761 818 806 haud
853 762 981 806 facile
1015 770 1080 807 est
1113 763 1251 807 dictu.
1307 764 1477 808 Samter
1499 780 1669 807 morem
1702 763 1951 808 calceorum

190 831 576 877 immolandorum
610 850 747 890 quem
780 833 904 890 apud
937 833 1153 890 plurimas
1196 834 1367 878 detexit
1398 841 1553 891 gentes
1583 833 1823 891 diligenter
1856 851 1952 891 per-

191 910 412 948 scrutatus
447 903 618 948 calceos
652 903 792 948 fuisse
826 912 956 960 aptos
990 903 1098 948 dicit
1137 904 1193 948 ad
1228 904 1474 949 daemones
1508 905 1786 962 mitigandos
1821 905 1952 949 male-

190 974 322 1019 volos
357 974 528 1032 quibus
569 991 652 1031 pro
699 991 890 1030 persona
935 976 1031 1032 ipsa
1066 992 1203 1032 quam
1237 975 1452 1032 petebant
1490 975 1640 1020 solum
1678 975 1954 1020 reddebatur

191 1046 286 1089 eius
332 1046 650 1090 vestimentum
698 1045 1200 1102 (Substitutionsopfer,
1245 1054 1294 1090 ut
1336 1046 1482 1091 dicere
1516 1046 1663 1091 solent
1694 1047 1953 1105 mythologi

191 1116 439 1171 hodierni).
504 1118 559 1160 Et
591 1133 758 1172 sponsa
792 1134 908 1174 quae
942 1116 1028 1161 hoc
1061 1124 1264 1174 ternpore
1295 1117 1531 1162 deserebat
1554 1117 1720 1162 domus
1744 1126 1953 1175 paternae

190 1188 377 1231 numina
403 1204 519 1245 quae
542 1188 582 1232 ei
605 1187 906 1245 praebuerant
937 1187 1123 1232 tutelam
1157 1196 1199 1232 et
1230 1190 1275 1232 in
1299 1189 1444 1233 mariti
1467 1195 1643 1245 recepta
1668 1188 1969 1245 phratriam3)-

192 1259 288 1302 eius
321 1258 544 1302 serviebat
575 1258 842 1302 numinibus
876 1276 919 1302 re
952 1276 1055 1304 vera
1095 1259 1293 1304 habebat
1335 1277 1412 1303 cur
1441 1259 1544 1304 illos
1578 1260 1813 1317 mitigaret.
1870 1261 1955 1304 Ni—

191 1330 355 1373 mirum
389 1337 504 1373 esset
536 1329 761 1386 singulare
795 1346 888 1373 non
923 1346 1138 1386 sponsam
1170 1331 1314 1387 ipsam
1360 1330 1503 1374 facere
1543 1347 1677 1382 sacra,
1713 1330 1792 1375 sed
1826 1330 1954 1374 illum

192 1401 352 1445 virum.
419 1400 506 1445 Sed
541 1401 713 1444 etiamsi
746 1399 860 1444 hanc
894 1402 1207 1457 superavimus
1243 1400 1559 1445 difficultatem
1593 1401 1793 1446 dicentes
1824 1401 1953 1446 illum

193 1488 287 1515 esse
328 1479 498 1527 patrem
538 1472 769 1528 patrisque
809 1488 903 1515 esse
943 1488 1026 1528 pro
1065 1471 1157 1516 filia
1190 1471 1480 1527 immolare‘),
1514 1479 1663 1516 tamen
1687 1474 1723 1517 si
1747 1481 1953 1529 ageretur

193 1543 250 1587 de
283 1542 501 1587 sacrificio
536 1542 702 1586 domus
735 1542 1002 1586 numinibus
1036 1542 1311 1600 peragendo,
1346 1544 1391 1586 in
1426 1543 1592 1587 domus
1626 1560 1805 1588 necesse
1840 1551 1956 1588 esset

194 1613 437 1658 sacrificare
477 1612 582 1658 foco
617 1614 697 1670 qui
731 1614 792 1657 eis
826 1621 916 1657 erat
950 1630 1081 1658 sacer.
1138 1615 1293 1671 Quam
1318 1613 1622 1659 offensionem
1645 1615 1956 1672 gravissimam

194 1702 295 1729 cum
329 1683 453 1728 haud
488 1685 716 1741 possimus
755 1683 924 1735 tollere,
964 1686 1248 1728 temerarium
1287 1692 1402 1741 puto
1445 1702 1539 1729 esse
1578 1685 1813 1730 vasculum
1854 1702 1956 1729 cum

193 1755 263 1799 his
297 1755 432 1799 rebus
473 1756 760 1811 coniungere.
827 1755 914 1799 Sed
955 1756 1016 1799 eis
1060 1763 1182 1800 estne
1225 1773 1343 1812 opus
1385 1756 1442 1800 ad
1484 1756 1598 1800 hanc
1641 1755 1956 1813 explicandam

194 1827 683 1883 repraesentationem?
731 1825 866 1870 Alius
889 1826 956 1870 vir
980 1826 1156 1877 doctus,
1182 1826 1479 1870 Hutchinson
1503 1827 1732 1884 (Mariage
1757 1834 1956 1871 customs

194 1899 240 1941 in
274 1914 408 1953 many
442 1896 585 1947 lands,
627 1896 770 1941 Lond.
810 1898 919 1941 1897
955 1914 1048 1953 cap.
1082 1898 1215 1952 XXI)
1256 1896 1334 1941 illo
1369 1898 1455 1941 ritu
1490 1915 1703 1954 sponsam
1735 1897 1901 1942 dimitti
1934 1915 1956 1942 e

195 1969 332 2025 patris
381 1967 561 2012 dicione
611 1968 796 2023 putavit.
877 1967 1022 2024 Quod
1072 1976 1121 2012 ut
1168 1967 1416 2019 credamus,
1470 1969 1556 2013 nisi
1597 1968 1696 2014 vult
1736 1968 1957 2026 explicare

196 2039 441 2083 obscurum
485 2038 762 2089 obscuriore,
805 2046 905 2082 ante
948 2040 1100 2082 omnia
1142 2046 1370 2083 auctorem
1415 2056 1532 2095 opus
1574 2048 1689 2084 esset
1730 2056 1957 2096 exponere

196 2110 352 2154 calceis
395 2109 637 2166 significari
676 2110 812 2165 patris
852 2109 978 2153 domi
1018 2117 1299 2166 potestatem.
1355 2109 1442 2154 Sed
1478 2117 1526 2154 ut
1559 2111 1620 2155 ait
1652 2111 1815 2155 Cicero
1850 2111 1957 2167 (pro

196 2181 364 2225 Archia
399 2182 465 2225 IV
494 2182 542 2235 7)
576 2186 639 2221 est
671 2181 910 2221 ridiculum
943 2182 1004 2220 ad
1032 2195 1083 2221 ecl
1115 2196 1229 2235 quae
1260 2182 1462 2221 videmus
1490 2182 1610 2222 nslzsl
1631 2182 1791 2232 dicere,
1825 2196 1957 2236 quae-

198 2266 297 2293 rere
329 2267 444 2307 quae
475 2252 637 2292 habere
670 2267 752 2292 mm
774 2257 1020 2306 possmnus.
1097 2252 1261 2296 Scaena
1300 2251 1374 2296 illa
1412 2253 1598 2308 mystica
1632 2269 1784 2296 nonne
1818 2251 1959 2308 expli-

198 2331 320 2367 catur
362 2323 466 2366 satis
509 2338 737 2379 superque
779 2323 960 2378 rapinae
1003 2324 1122 2366 usu?
1193 2324 1320 2366 Pater
1359 2323 1429 2366 cui
1472 2323 1603 2379 quasi
1642 2324 1829 2380 eripitur
1866 2322 1958 2367 filia

197 2395 258 2438 ira
291 2395 501 2438 incensus
535 2393 688 2438 iuveni
720 2393 902 2437 immitit
932 2392 1072 2436 telum
1113 2392 1241 2450 quod
1282 2394 1320 2437 ei
1359 2392 1417 2437 ad
1451 2410 1635 2437 manum
1669 2401 1734 2438 est
1767 2393 1957 2445 calceos;

198 2464 401 2509 attendas
435 2481 606 2521 quaeso
641 2480 744 2508 eum
777 2464 822 2507 in
856 2480 1077 2520 sponsum
1111 2463 1307 2520 defigere
1341 2463 1518 2508 oculos!

320 2606 346 2650 ¹)
373 2605 426 2637 «5.τὶ
455 2609 514 2637 τοῦ
540 2606 666 2648 βωμοῦ
695 2604 817 2636 ma'vm«
845 2604 1007 2647 &xii-alh)
1037 2604 1290 2648 tlt'ustrstssdl'Joc
1320 2605 1338 2648 ἡ
1365 2605 1433 2647 πρὸ
1466 2605 1576 2648 γάμου
1613 2606 1717 2639 θυσία
1751 2605 1835 2650 (col.
1863 2606 1958 2650 211).

320 2679 345 2720 ²)
366 2679 449 2713 Erat
468 2689 551 2721 pars
570 2689 681 2711 cenae
701 2675 892 2721 nuptialis,
913 2689 1007 2720 quae
1028 2689 1110 2711 cum
1131 2675 1339 2711 secundum
1359 2675 1600 2712 Athenaeum
1620 2678 1656 2711 V
1678 2678 1742 2712 185
1763 2677 1790 2711 B
1810 2675 1961 2712 daretur

199 2741 268 2768 τῶν
295 2737 474 2779 γιιηωμῖιίυν
503 2737 597 2766 flmm-
623 2735 737 2773 ἕνεκα,
765 2740 934 2770 constare
962 2734 1125 2770 debebat
1151 2748 1169 2770 e
1196 2734 1434 2771 sacrificio
1462 2741 1497 2771 et
1524 2738 1714 2771 convivio.
1742 2734 1799 2770 Illi
1819 2748 1959 2771 nomen

200 2795 312 2831 fuisse
338 2795 519 2836 :reunsi-⁸1¹1.
546 2793 659 2830 tradit
686 2793 778 2829 Poll.
808 2796 857 2830 111
886 2796 929 2829 38
957 2800 991 2829 ct
1019 2796 1107 2829 Hes
1135 2807 1160 2829 s.
1186 2808 1218 2829 v.
1239 2794 1415 2839 explicat:
1445 2794 1463 2836 ἡ
1490 2794 1559 2836 πρὸ
1586 2798 1655 2826 τῶν
1681 2793 1803 2836 γάμων
1832 2795 1959 2827 ι’)ινσιά

200 2854 269 2887 καὶ
297 2853 441 2896 ἑορτή,
470 2867 564 2899 quae
592 2866 667 2889 vox
694 2852 747 2888 nil
776 2859 899 2898 potest
924 2852 1132 2898 significare
1160 2856 1232 2888 nisi
1258 2852 1457 2889 sollemnia
1485 2856 1524 2888 in
1551 2852 1668 2888 domo
1687 2865 1860 2898 sponsae,
1887 2856 1910 2888 i.
1930 2866 1959 2889 e.

201 2913 302 2948 illam
329 2925 458 2948 cenam
485 2912 705 2958 nuptialem.

321 2985 348 3028 3)
377 2984 481 3020 Illam
508 2984 555 3017 fs:
583 2982 662 3016 ⁷⁰1²<
691 2982 870 3025 ‘191270(1'⁴<
897 2983 1075 3025 ssyqurjr
1102 2982 1196 3018 falso
1223 2989 1334 3027 negat
1361 2982 1559 3018 Beauchet.

321 3057 349 3099 ⁴)
379 3057 487 3091 Hanc
507 3055 661 3100 figuram
682 3052 890 3098 significare
911 3059 1050 3098 patrem
1071 3053 1129 3089 vel
1158 3053 1245 3088 inde
1265 3053 1416 3097 colligo,
1445 3052 1550 3098 quod
1571 3066 1654 3088 cum
1675 3056 1800 3089 amicis
1820 3066 1960 3098 pompa

201 3115 355 3161 quidem
384 3114 642 3160 proficiscente
668 3112 802 3149 sedens
830 3118 1004 3148 remanet.
