2154 3403
1022 63 1073 107 31

169 240 284 268 onos
303 219 511 277 (pyxidis
529 218 650 262 illius
674 243 716 248 —-
742 219 861 262 F.-R.
882 218 954 269 573
977 241 1018 247 —
1041 215 1313 261 tam-similis
1333 222 1382 260 ut
1400 217 1582 260 Hauser
1604 234 1707 261 eum
1728 217 1931 262 eiusdem

170 292 349 338 artificis
383 307 478 335 esse
517 290 667 346 putet)
693 303 828 345 quem
852 287 1104 345 publicavit
1134 287 1415 344 Hartwigius
1445 289 1568 341 ἒςιημ.
1593 290 1682 342 ἅρχ.
1710 290 1818 333 1897
1842 289 1932 333 tab.

174 366 238 409 10.
303 364 428 407 Haec
453 361 587 405 uxori
610 359 867 404 offeruntur
898 375 1084 402 munera
1117 357 1356 415 nuptialia:
1392 359 1485 403 avis
1520 373 1634 415 quae
1666 359 1934 404 feminarum

170 437 216 480 in
249 433 422 479 deliciis
456 449 557 476 cum
592 438 719 482 esset,
754 429 911 474 crebro
952 429 1145 474 occurrit
1183 430 1229 473 in
1273 431 1561 486 gynaeceo¹)‚
1612 429 1708 475 duo
1753 430 1935 482 lebetes,

170 503 482 561 lutrophoms,
502 516 617 559 quae
635 501 722 546 hoc
742 500 929 558 quidem
952 507 1156 557 tempore
1180 499 1350 544 nullius
1374 508 1480 545 sunt
1503 518 1625 553 usus,
1656 502 1783 558 quod
1807 511 1937 559 potes

172 575 381 632 colligere
418 591 440 618 e
472 572 657 618 ramulis
690 573 881 623 insertis,
922 571 1002 616 sed
1035 572 1206 615 scaenis
1246 579 1402 616 ornata
1434 572 1719 629 nuptialibus
1758 574 1803 617 in
1843 590 1939 630 per-

172 654 362 705 petuum
396 644 566 689 debent
597 643 842 687 admonere
882 642 938 686 de
977 642 1047 686 his
1081 641 1267 699 quidem
1301 642 1615 688 sollemnibus.
1681 646 1861 688 Hauser
1892 645 1938 687 in

173 715 568 763 commentationis
631 731 737 758 suae
790 721 914 770 parte
968 727 1104 770 quam
1162 714 1390 770 inscripsit
1441 716 1761 763 Ἀδωνιάζουσαι
1814 714 1939 771 (Ost.

169 787 374 847 Jahresh.
418 787 530 831 1909
569 802 612 842 p.
651 786 731 840 90)
770 784 843 830 vel
880 784 995 828 hanc
1040 786 1496 841 repraesentationem
1543 787 1589 830 in
1637 786 1765 831 illum
1814 794 1943 844 putat

174 857 459 903 inserendam
494 873 589 901 esse
623 863 887 900 contextum
923 854 1071 910 (haud
1105 856 1255 900 minus
1288 855 1411 900 illam
1435 871 1570 913 quam
1605 856 1752 901 eidem
1784 857 1944 902 tribuit

175 929 332 975 artifici
366 927 609 985 pyxidem)
650 928 790 978 „Eine
830 925 1162 983 Lutrophorus,
1211 926 1381 972 welche
1421 927 1502 972 das
1535 930 1726 972 Wasser
1758 928 1831 972 fiir
1864 928 1943 973 das

178 999 410 1045 Brautbad
443 1016 527 1043 vor
559 998 638 1042 der
672 996 902 1042 Hochzeit
935 996 1118 1049 enth’alt,
1152 997 1330 1042 kommt
1369 997 1432 1043 als
1463 998 1597 1044 Gabe
1631 1016 1686 1043 an
1721 1000 1818 1044 eine
1852 1017 1945 1045 ver-

176 1071 389 1116 heiratete
424 1072 537 1114 Frau
581 1072 846 1126 verspatet“.
923 1070 1016 1114 Cui
1060 1070 1307 1114 sententiae
1353 1069 1597 1114 obiecerim
1643 1084 1757 1127 quae
1802 1071 1945 1116 modo

179 1142 296 1193 dixi;
331 1149 558 1199 praeterea
598 1140 819 1185 refutatur
857 1139 1132 1197 lutrophoro
1171 1141 1316 1185 musei
1354 1140 1650 1186 Atheniensis
1691 1143 1749 1197 (n.
1789 1143 1947 1198 12540)

180 1212 358 1270 epaulia
377 1218 736 1269 repraesentante
752 1212 798 1254 in
815 1225 908 1268 quo
925 1228 1044 1256 nova
1062 1219 1204 1269 nupta
1220 1211 1543 1269 lutrophorum
1559 1212 1702 1257 modo
1718 1222 1948 1271 receptum

179 1292 300 1329 tenet
333 1282 645 1340 contemplans
679 1283 912 1340 imagines.
977 1282 1051 1327 Cf.
1081 1282 1220 1327 Arch.
1241 1282 1397 1339 Jahrb.
1426 1284 1537 1328 1900
1559 1284 1650 1328 tab.
1674 1286 1713 1329 2.
1770 1285 1948 1330 Ramuli

180 1355 305 1400 haud
338 1361 533 1412 possunt
566 1354 747 1411 aequari
781 1352 868 1397 illis
901 1356 1059 1408 κήποις,
1094 1371 1194 1398 cum
1230 1354 1299 1398 vel
1333 1355 1378 1398 in
1409 1354 1506 1398 aliis
1530 1364 1767 1400 occurrant
1798 1358 1950 1414 nupti-

180 1443 307 1471 arum
339 1423 844 1482 repraesentationibus.
909 1426 1125 1482 Denique
1167 1424 1245 1469 ubi
1292 1433 1398 1469 sunt
1442 1425 1597 1477 scalae,
1641 1428 1735 1471 sine
1782 1428 1950 1484 quibus

181 1497 306 1542 haud
340 1504 491 1554 potest
523 1497 709 1552 cogitari
737 1497 1052 1550 Ἀδωνιασμόςῗ
1107 1497 1312 1540 Cunctae
1346 1498 1565 1554 imagines
1598 1512 1710 1555 quas
1745 1498 1952 1556 depinxit

183 1570 365 1613 Hauser
409 1585 481 1612 eas
521 1567 740 1625 praebent
782 1575 824 1612 et
863 1568 1134 1625 scriptorum
1174 1569 1431 1612 testimonia
1472 1568 1584 1614 clare
1624 1587 1696 1614 eas
1736 1578 1949 1627 poscunt:

183 1639 236 1684 Cf.
275 1639 414 1683 Arist.
463 1640 644 1695 Lysistr.
691 1641 794 1684 389:
842 1641 866 1680 ὅ
908 1641 934 1679 τ’
976 1640 1259 1693 Ἀδωνιασμὸς
1304 1639 1421 1685 οὗτος
1471 1642 1566 1682 οὑπὶ,
1615 1646 1698 1682 τῶν
1741 1647 1868 1695 τεγῶν
1911 1648 1953 1685 et

182 1709 422 1755 scholiasta
445 1709 502 1754 ad
526 1709 569 1754 h.
594 1709 620 1754 l.
644 1709 851 1755 adnotat:
886 1711 1029 1764 ἑορτὴν
1057 1711 1134 1763 γὰρ
1162 1712 1372 1752 ἐπετέλουν
1402 1718 1461 1764 τῷ
1482 1712 1671 1753 Ἃὸώνιὸι
1703 1715 1744 1753 αἱ
1771 1718 1954 1766 γυναῖκες

183 1783 251 1823 καὶ
295 1783 455 1835 κήπους
498 1782 606 1827 τινὰς
652 1784 707 1828 εἰς
750 1782 796 1822 τὰ
837 1783 1008 1835 δώματα
1048 1783 1140 1835 ἀνέᾳ
1156 1798 1260 1835 ερον.
1341 1781 1504 1827 Suidas
1549 1782 1748 1840 denique
1792 1791 1955 1840 aequat

184 1854 387 1894 Αόώνειοι
417 1858 542 1906 κῆποι
575 1859 617 1896 et
647 1855 845 1906 μετέωροι
877 1859 1002 1907 κῆποι
1035 1853 1090 1907 (s.
1126 1871 1166 1897 V.
1195 1854 1277 1894 Ἀὸ.
1310 1855 1424 1908 κῆπ).
1474 1854 1617 1898 Haud
1641 1855 1790 1899 minus
1814 1871 1954 1899 errare

187 1923 265 1980 qui
280 1923 325 1966 in
339 1921 426 1967 hoc
439 1922 625 1967 vasculo
645 1930 855 1968 censeant
873 1940 1087 1980 sponsam
1107 1940 1202 1967 esse
1226 1932 1602 1981 repraesentatam
1621 1933 1954 1982 exspectantem

187 1993 446 2050 sponsum'2)
481 1993 762 2039 demonstrat
795 1994 1039 2052 quasillum
1072 1996 1119 2038 in
1153 1993 1292 2039 altero
1333 1994 1470 2040 huius
1504 1995 1736 2040 simillimo
1769 1997 1954 2041 vasculo

187 2065 332 2109 musei
355 2064 651 2109 Atheniensis
681 2065 768 2110 sub
797 2065 914 2110 lecto
945 2065 1178 2123 depictum
1211 2066 1301 2122 (ΒΓ.
1332 2066 1407 2124 fig.
1432 2068 1472 2118 5,
1504 2068 1557 2112 C.
1583 2068 1637 2112 C.
1666 2068 1794 2123 1239)
1828 2067 1954 2124 quod

189 2143 255 2180 est
287 2136 443 2180 uxoris
476 2136 652 2193 insigne
686 2137 875 2194 eiusque
908 2137 1133 2194 significat
1164 2137 1367 2182 laborem
1397 2137 1712 2183 domesticum.
1763 2139 1957 2194 (Praeter

188 2205 513 2263 lutrophorum
537 2214 579 2251 et
601 2207 770 2252 lebetes
794 2208 1021 2265 nuptiales
1044 2207 1116 2253 vel
1140 2210 1333 2253 occurrit
1355 2210 1401 2253 in
1425 2209 1596 2266 pyxide
1619 2209 1693 2254 illa
1718 2210 1956 2254 Eretriensi

189 2278 318 2322 cuius
351 2277 501 2322 media
535 2294 636 2335 pars
669 2295 888 2336 pompam
921 2286 1143 2324 monstrat
1176 2279 1299 2324 dona
1331 2279 1624 2336 ferentiumss).

307 2347 518 2393 Alterum
540 2349 790 2401 vasculum,
820 2349 893 2394 ille
918 2351 1046 2395 cuius
1074 2351 1163 2394 iarn
1187 2352 1465 2396 mentionem
1488 2351 1573 2396 feci
1596 2351 1733 2403 lebes,
1767 2350 1957 2396 similem

190 2419 237 2463 in
270 2418 463 2463 modum
495 2436 663 2465 novam
696 2420 882 2478 praebet
919 2429 1110 2479 nuptam
1148 2422 1195 2466 in
1234 2422 1364 2467 sellio
1403 2422 1634 2467 sedentem
1673 2422 1958 2467 reclinatorio

312 2525 340 2568 1)
368 2524 426 2560 Cf.
454 2525 646 2571 Stephani,
674 2527 837 2572 Compte
864 2526 986 2563 rendu
1023 2528 1114 2561 1860
1145 2527 1219 2564 tab.
1260 2529 1277 2561 1
1318 2534 1354 2564 et
1389 2532 1608 2575 nuptiarum
1635 2531 1957 2574 praeparationem

190 2585 290 2620 F.-R.
316 2583 391 2620 tab.
418 2584 473 2620 68.

313 2643 342 2687 2)
358 2643 476 2679 Velut
493 2645 722 2690 Hartwigius
737 2645 759 2681 l.
775 2658 803 2682 c.
819 2648 953 2691 accipit
967 2649 1168 2691 imaginem
1184 2646 1320 2690 σκηνὴν
1332 2652 1560 2690 παρασκευῆς
1576 2647 1623 2683 εἰς
1638 2647 1749 2690 γάμον
1761 2645 1847 2691 (col.
1865 2646 1958 2690 133).

315 2703 342 2746 3)
369 2702 497 2738 Talem
524 2706 564 2738 in
590 2703 748 2740 modum
775 2708 805 2740 si
832 2708 1121 2750 interpretamur
1148 2709 1360 2751 imaginem,
1388 2709 1454 2742 oni
1474 2709 1835 2751 repraesentationes
1854 2708 1959 2750 quasi

193 2768 362 2807 tempore
405 2761 609 2798 cohaerent
647 2769 682 2798 et
720 2763 834 2800 altera
871 2768 1043 2810 sequitur
1080 2765 1244 2801 alteram.
1308 2767 1426 2801 Laeva
1466 2778 1548 2810 pars
1587 2768 1768 2810 tripertita
1808 2763 1961 2809 praebet

193 2823 375 2857 Amorem
402 2823 468 2865 qui
495 2824 601 2866 quasi
628 2826 898 2867 promnestriae
924 2823 1088 2869 fungens
1115 2838 1270 2860 munere
1297 2824 1473 2870 adportat
1490 2827 1638 2860 iuvenis
1657 2823 1759 2859 dona
1777 2826 1960 2868 virginem

196 2883 366 2926 petentis,
382 2879 522 2915 deinde
537 2893 707 2916 scaenam
722 2884 762 2917 in
783 2895 858 2927 qua
874 2882 1006 2918 Peitho
1023 2883 1244 2919 cohortatur
1263 2883 1439 2929 puellam,
1455 2889 1534 2918 tum
1546 2895 1707 2928 sponsae
1721 2885 1960 2917 ornationem

195 2938 256 2975 vel
288 2938 575 2981 revelationem;
609 2943 731 2976 antica
758 2954 840 2986 pars
873 2945 940 2977 oni
973 2948 1124 2978 curvata
1157 2946 1377 2988 nuptiarum
1404 2941 1592 2987 exemplar
1618 2945 1781 2987 ipsarum
1809 2940 1962 2986 praebet

196 2997 295 3034 Pelei
314 3003 350 3034 et
366 2996 537 3034 Thetidis
556 2997 818 3041 luctationem;
847 2999 1020 3037 dextrum
1040 3007 1164 3037 autem
1184 3002 1290 3043 latus,
1319 3007 1360 3037 ut
1385 3014 1498 3046 supra
1517 2999 1784 3041 demonstravi,
1810 2999 1963 3045 praebet

197 3056 356 3102 epaulia.
409 3058 553 3093 Omnes
579 3062 942 3103 repraesentationes
968 3063 1075 3106 quasi
1094 3060 1239 3106 colligit
1256 3062 1390 3096 Venus
1408 3062 1567 3105 epinetri
1591 3061 1703 3104 capiti
1721 3058 1962 3104 agglutinata.
