2154 3403
1038 107 1089 151 13

178 263 378 321 denique
419 262 656 307 fertilitatis
692 269 849 306 auctor
881 260 1210 317 hilaritatisque
1244 260 1437 303 maxime
1484 258 1677 316 quadrat
1716 258 1772 302 ad
1811 259 1943 303 talem

178 351 382 378 scaenam
417 341 458 377 et
490 332 678 377 fortasse
719 334 850 377 etiam
891 349 944 376 eo
985 331 1225 387 adpositus
1265 338 1329 374 est
1368 329 1574 379 consilio,
1617 337 1665 373 ut
1703 330 1946 374 admoneat

177 405 233 448 de
269 406 482 449 convivio
518 403 711 461 nuptiali
745 403 887 448 modo
921 402 1066 446 finito.

297 488 501 544 Sponsos
542 487 680 543 igitur
718 487 763 530 in
809 486 1031 543 quadriga
1077 492 1242 528 stantes
1288 483 1390 527 licet
1434 484 1632 540 accipere
1678 482 1943 527 mortales.

178 559 291 604 Divi
333 576 435 603 cum
475 557 776 602 sollemnibus
809 557 1028 607 intersint,
1063 556 1158 600 eius
1192 555 1317 599 modi
1354 555 1787 611 repraesentationes
1827 571 1946 598 com—

177 630 427 686 paraverim
461 646 563 674 cum
596 629 770 686 pictura
809 627 883 671 illa
918 628 1327 672 GraecosRomana
1360 624 1666 669 bibliothecae
1700 626 1946 669 Vaticanae

178 700 256 756 (cf.
291 717 334 758 p.
360 702 416 745 26
439 701 564 758 sqq.)
599 716 736 757 quam
771 698 895 743 haud
929 699 1080 755 inepte
1112 697 1295 742 vocavit
1318 698 1506 753 Nogara
1532 713 1623 747 „un
1656 696 1946 739 matrimonio

179 788 348 816 umano
382 772 726 816 artisticamente
759 769 1069 814 idealizzato“.

295 853 442 899 Aliter
489 871 556 898 res
602 871 647 898 se
697 853 848 904 habet,
895 853 931 897 si
976 859 1149 909 praeter
1193 850 1296 896 illos
1342 851 1412 896 vel
1464 849 1538 894 alii
1585 857 1827 894 occurrunt
1874 848 1947 892 dei

177 924 301 970 velut
334 927 586 982 Neptunus
620 924 698 980 (cf.
733 941 847 968 mus.
884 923 1029 968 Lond.
1062 922 1329 980 amphoram
1362 922 1520 978 figuris
1554 922 1693 978 nigris
1727 927 1945 971 ornatam,

178 1004 258 1041 cat.
294 998 335 1040 ΙΙ
376 996 465 1040 tab.
507 997 555 1051 5)
596 1003 639 1040 et
688 995 908 1040 Hercules
958 994 1129 1050 (Berol.
1184 995 1332 1048 1998).
1413 994 1502 1037 Hic
1552 994 1622 1049 agi
1672 991 1728 1036 de
1776 992 1948 1048 nuptiis

177 1068 310 1112 sacris
333 1067 404 1112 vel
434 1066 747 1111 demonstrant
770 1066 1078 1111 additamenta
1103 1065 1313 1122 mythica.
1365 1063 1553 1122 Quibus
1572 1064 1770 1120 exceptis
1790 1069 1948 1107 cuncta

178 1146 438 1195 congruunt
482 1155 585 1182 cum
627 1139 689 1182 eis
732 1137 925 1183 vasculis
968 1154 1085 1194 quae
1131 1139 1176 1180 in
1222 1136 1433 1180 humanis
1478 1142 1713 1180 versantur
1760 1134 1946 1190 nuptiis.

178 1210 383 1254 Maxime
416 1210 553 1266 igitur
585 1208 751 1254 idonea
786 1216 891 1253 sunt
924 1226 946 1253 e
987 1209 1158 1266 quibus
1192 1207 1263 1253 vel
1296 1206 1556 1252 mortalium
1590 1206 1819 1263 possimus
1852 1222 1949 1262 per-

178 1281 347 1338 spicere
382 1281 674 1324 caerimonias
708 1279 948 1337 nuptiales.

296 1364 318 1419 §
352 1365 392 1407 4.
443 1362 591 1421 Quod
625 1362 917 1408 deductionis
957 1380 1101 1420 genus
1134 1361 1353 1419 paulatim
1392 1362 1438 1405 in
1471 1360 1693 1405 artificum
1733 1377 1819 1404 usu
1854 1376 1948 1403 esse

178 1434 362 1479 destitit.
429 1435 632 1491 Sponsos
666 1451 760 1478 non
793 1435 1050 1478 invenimus
1086 1435 1132 1477 in
1166 1432 1388 1491 quadriga
1423 1432 1658 1476 luxuriosa
1692 1438 1742 1475 ut
1774 1432 1820 1474 in
1853 1447 1950 1475 vas-

178 1505 289 1551 culis
329 1506 631 1550 vetustiorum
676 1513 934 1562 temporum
981 1504 1153 1562 quibus
1192 1504 1263 1550 vel
1302 1503 1562 1549 mortalium
1608 1503 1793 1559 nuptiae
1840 1501 1950 1546 cele-

177 1577 426 1621 brabantur
459 1593 633 1621 summa
679 1576 914 1629 luxuria¹).
982 1575 1125 1620 Haud
1170 1583 1288 1620 stant
1333 1576 1464 1620 erecti
1504 1574 1584 1619 sed
1625 1573 1783 1618 sedent
1826 1572 1950 1618 vehi-

178 1647 425 1705 culumque
450 1648 668 1704 imprimis
693 1649 909 1692 usitatum
935 1656 999 1692 est
1023 1665 1177 1692 currus
1207 1646 1438 1697 mularius,
1463 1648 1598 1700 ἀπήνη
1619 1645 1787 1700 ([Hes].
1830 1646 1948 1689 Scut.

177 1720 262 1763 270
296 1720 435 1776 sqq).
496 1718 653 1763 Talem
687 1720 774 1763 iam
809 1719 994 1776 praebet
1026 1718 1261 1763 vasculum
1296 1717 1586 1762 Londinense
1619 1716 1777 1773 figuris
1809 1716 1948 1772 nigris

178 1797 447 1834 exornatum
481 1807 591 1834 saec.
618 1792 685 1834 VI
721 1789 798 1844 (cf.
825 1789 983 1835 Guide
1016 1797 1064 1834 to
1098 1789 1173 1834 the
1208 1788 1465 1833 exhibition
1498 1787 1771 1844 illustrating
1795 1786 1949 1832 Greek

178 1860 268 1905 and
320 1862 498 1905 Roman
550 1860 659 1912 Life,
700 1861 845 1905 Lond.
890 1862 1000 1905 1908
1046 1861 1120 1918 fig.
1166 1861 1253 1914 12).
1328 1861 1503 1916 Sponsa
1552 1876 1574 1903 a
1620 1858 1776 1902 dextra
1825 1857 1952 1902 sedet

178 1931 494 1982 adulescentis,
527 1934 713 1986 πάροχος
741 1940 846 1990 post
875 1950 953 1977 eos
976 1940 1153 1989 tergum
1177 1931 1419 1976 obvertens
1433 1931 1482 1985 2).
1536 1932 1755 1974 Personas
1778 1929 1824 1972 in
1847 1929 1949 1985 ipso

180 2020 335 2047 currus
380 2002 535 2047 sedere
587 2002 737 2048 fundo
783 2011 848 2048 est
893 2003 1132 2060 singulare.
1199 2002 1364 2047 Pollux
1405 2002 1523 2045 enim
1564 2002 1761 2056 (Onom.
1795 2001 1838 2043 X
1872 2000 1949 2054 33)

179 2073 306 2118 dicit:
349 2075 397 2115 Οὗ
429 2076 565 2127 μέντοι
597 2076 736 2128 ἀγνοῶ
769 2077 825 2116 ὅτι
856 2076 978 2121 κλινὶς
1005 2076 1182 2116 ἐκαλεῖτο
1213 2075 1257 2115 τὸ
1297 2075 1361 2114 ἐπὶ
1392 2079 1461 2127 τῆς
1499 2073 1662 2126 ἁμάξης
1692 2087 1950 2123 καταστρων-

178 2146 363 2198 νύμενον,
403 2147 500 2186 ὅταν
526 2148 690 2199 μετίωσι
725 2147 794 2191 τὰς
823 2148 1000 2200 νύμφας,
1040 2148 1100 2200 ἐφ)
1138 2145 1186 2187 οὗ
1223 2147 1401 2199 κάθηται
1439 2147 1463 2199 ἡ
1506 2146 1649 2198 ’νύμφη
1688 2143 1840 2196 μεταξὺ
1879 2147 1950 2183 τοῦ

177 2217 366 2270 παρόχου
388 2233 428 2257 τε
450 2218 518 2258 καὶ
539 2222 609 2258 τοῦ
632 2219 823 2271 νυμφίου.
865 2216 992 2262 Idem
1017 2216 1212 2261 affirmat
1237 2215 1428 2261 Photius
1452 2233 1484 2260 S.
1508 2233 1549 2260 V.
1575 2217 1717 2268 ζεῦγος
1738 2213 1952 2268 ἡμιονικὸν

177 2290 202 2341 ἢ
234 2288 457 2342 βοεικόν3).

302 2442 328 2485 ¹)
355 2442 482 2486 Quam
515 2448 645 2488 postea
677 2443 737 2479 vel
764 2443 862 2489 leges
896 2456 1104 2484 coercuere,
1139 2442 1244 2478 velut
1281 2441 1540 2478 convivalium
1567 2452 1767 2476 numerum
1794 2441 1951 2474 vetitum

180 2507 256 2536 erat
283 2500 461 2537 excedere
480 2504 642 2548 triginta,
663 2516 776 2548 quam
796 2503 915 2548 legem
935 2506 1170 2548 magistratus
1191 2500 1376 2547 quosdam
1392 2504 1528 2537 scimus
1544 2498 1791 2536 custodivisse
1812 2497 1951 2544 quibus

179 2565 256 2596 erat
281 2573 424 2596 nomen
450 2562 718 2604 γυναικονόμοις
747 2561 807 2607 (cf.
836 2575 870 2608 p,
901 2562 946 2606 1),

300 2632 328 2675 2)
357 2633 537 2676 Quocum
556 2632 669 2668 velim
689 2646 882 2679 compares
900 2633 1059 2669 similem
1080 2632 1237 2679 figuram
1256 2631 1398 2669 vasculi
1418 2630 1546 2677 figuris
1568 2633 1682 2675 nigris
1702 2631 1825 2665 ornati
1844 2627 1951 2674 quod

180 2689 324 2736 publici
352 2694 443 2727 iuris
470 2690 557 2727 fecit
583 2691 704 2728 Smith
731 2693 778 2738 (J.
807 2692 851 2728 of
876 2692 976 2728 Hell.
1005 2692 1111 2728 stud.
1140 2694 1152 2728 1
1181 2692 1256 2728 tab.
1284 2693 1329 2735 7).

301 2763 326 2800 3)
354 2762 537 2801 ζεύξαντες
583 2763 644 2806 την
686 2764 876 2806 λεγομένην
920 2764 1068 2803 κλινίόα,
1101 2765 1124 2806 ἤ
1159 2763 1250 2796 ἐστιν
1291 2764 1395 2805 ὁμοία
1437 2762 1580 2804 διέδρα),
1620 2760 1680 2804 την
1713 2764 1772 2802 τῆς
1808 2759 1951 2801 1ἰ’χιιφ)]ς

178 2820 337 2863 μέθοδον
350 2826 542 2854 ποιοῦνται.
560 2822 823 2866 παραλαβόντες
839 2822 1000 2866 ὁὲαῧῑην
1018 2823 1058 2856 ἔκ
1078 2828 1137 2866 τῆς
1154 2824 1323 2866 πατρῴας
1343 2823 1455 2858 ἑστίας
1481 2821 1534 2853 ἐπὶ
1562 2820 1623 2863 την
1647 2820 1785 2862 ἅμαξαν
1809 2818 1951 2860 ἄγουσιν

180 2880 228 2916 Εἷς
261 2879 300 2912 ’ἰὰ
334 2884 393 2912 Τοῦ
430 2885 623 2923 γαμοῦντος
659 2882 806 2925 ἑσπέρας
841 2882 1176 2925 [καιής.κάι’)ηνται
1210 2881 1248 2915 (δὲ
1280 2887 1371 2924 τρεῖς
1404 2881 1458 2914 ἐπὶ
1492 2886 1550 2923 τῆς
1583 2879 1732 2922 ἁμάξης,
1767 2877 1855 2919 μέση
1888 2875 1951 2918 μὲν

181 2939 199 2982 ἡ
229 2939 363 2982 νύμφη,
390 2939 614 2981 ἑκατέρωθεν
641 2940 764 2986 (quod
792 2943 985 2977 Foerstfflo
1013 2947 1255 2987 proponente
1289 2943 1432 2977 correxi
1466 2953 1511 2976 ex
1543 2938 1726 2981 ἑκατέροιν)
1754 2936 1793 2970 δέ
1829 2937 1904 2980 [τε]
1932 2935 1951 2966 ὁ

182 2999 333 3041 ι’ῖψᾳτός
373 2998 431 3031 καὶ
467 3000 486 3031 ὁ
522 2999 679 3042 πάροχος
715 3000 829 3039 (οὗτος
864 3001 901 3033 (85-
938 3001 1006 3033 ἔστι
1042 3002 1143 3044 φίλος
1179 3001 1197 3044 ἢ
1232 3000 1400 3044 συγγενὴς
1434 3000 1453 3030 ἦ
1483 2999 1628 3042 ,Νάλῖσῑί
1662 2997 1859 3039 ῖῄΗώμΗὋς
1892 2994 1950 3027 καὶ

180 3057 438 3100 ἀγαπώμενος·
461 3070 493 3076 ·”
519 3058 577 3091 κατ’
619 3058 687 3091 ἀπὸ
725 3059 851 3102 ταύτης
890 3065 949 3103 τῆς
989 3061 1179 3104 συνηθείας
1218 3060 1285 3093 κίἰι·
1322 3059 1421 3094 πεζοὶ
1459 3058 1608 3102 μεῑίωσῖ
1644 3070 1731 3093 ΤΗῬς
1770 3056 1893 3098 χ(ἷζ))]7ἰ
1933 3054 1952 3086 ὗ

179 3118 292 3159 τρίτος
319 3116 517 3160 συμπαρὼν
541 3117 699 3161 πάροχος
725 3118 882 3161 λέγεται).
