2154 3403
1075 82 1102 124 9

207 236 467 280 misceretur
499 252 616 293 aqua
651 252 752 279 cum
786 233 1023 279 odoribus.
1089 236 1223 291 Quae
1257 234 1476 278 sententia
1510 233 1579 278 vel
1622 233 1768 278 forma
1801 234 1971 279 vasculi

209 306 319 350 mihi
352 306 533 351 videtur
565 305 719 357 refelli,
754 323 871 363 quae
905 322 1006 349 cum
1039 306 1247 361 superior
1279 321 1379 361 pars
1410 304 1622 348 inferiore
1646 306 1701 349 sit
1725 306 1972 362 angustior,

208 377 273 422 nil
306 377 443 422 habet
475 394 715 422 commune
749 394 850 421 cum
889 384 1066 420 cratera.
1131 377 1265 432 Quae
1305 375 1485 420 vascula
1524 374 1648 419 haud
1689 393 1783 420 esse
1817 393 1838 420 e
1873 377 1974 420 sim-

210 448 315 506 plici
356 447 719 506 gynaeconitidis
764 446 1041 504 supellectile
1084 446 1164 490 sed
1206 447 1364 504 aliquo
1406 445 1549 490 modo
1593 446 1830 491 cohaerere
1873 463 1973 490 cum

210 521 473 576 nuptiarum
507 519 789 563 caerimoniis
822 517 894 563 vel
927 516 1262 573 Furtwaengler
1295 518 1446 568 sensit,
1481 535 1582 561 curn
1617 517 1877 562 observavit
1906 518 1975 572 (in

211 607 372 635 comm.
397 591 487 635 tab.
510 592 590 645 68)
610 591 655 634 in
681 591 776 634 eius
800 588 927 633 modi
950 587 1144 633 vasculis
1167 587 1291 632 haud
1316 604 1415 632 raro
1438 588 1635 633 Amores
1664 589 1828 634 versari
1851 588 1975 645 apud

210 660 384 717 puellas
419 668 461 706 et
493 662 734 718 praecipue
768 677 905 704 unam
938 676 961 704 a
1001 660 1155 703 ceteris
1194 658 1337 704 solere
1377 658 1652 703 circumdare
1686 666 1975 716 segregatam.

211 732 492 777 Woltersius
537 731 784 776 observans
817 730 985 775 lebetes
1019 747 1195 787 semper
1227 747 1458 774 occurrere
1492 729 1712 787 duplices,
1748 730 1976 775 interdum

212 805 343 848 etiam
393 811 658 861 aggregatos
704 801 978 859 lutrophoro
1026 800 1273 858 perductus
1323 809 1388 845 est
1436 808 1485 845 ut
1533 808 1731 845 censeret
1777 800 1977 846 lebetum

212 874 351 918 altero
391 891 556 931 aquam
590 872 863 930 lutrophoro
898 872 1076 916 allatam
1109 871 1322 929 frigidam
1362 889 1456 916 esse
1491 879 1723 922 servatam,
1758 872 1978 930 reliquam

212 952 383 1001 partem
416 946 463 989 in
496 944 635 989 altero
669 943 984 998 calefactam1).
1049 943 1196 1000 Quod
1230 944 1266 987 si
1298 951 1468 987 rectum
1510 950 1625 987 esset
1656 942 1875 1000 lebesque
1908 943 1978 988 hic

212 1015 276 1059 nil
310 1023 424 1060 esset
456 1016 541 1060 nisi
575 1032 652 1060 vas
685 1014 980 1065 balnearium,
1015 1022 1065 1058 ut
1102 1013 1265 1070 hydria
1306 1031 1397 1071 qua
1436 1013 1681 1058 utebantur
1719 1015 1884 1059 Graeci
1921 1013 1978 1058 ad

212 1086 486 1131 lavationem
520 1086 809 1135 cotidianam,
843 1103 996 1130 nonne
1020 1093 1135 1130 esset
1159 1086 1323 1129 mirum
1348 1103 1425 1129 eos
1450 1102 1679 1129 occurrere
1703 1084 1773 1130 vel
1796 1085 1842 1129 in
1865 1102 1981 1142 nup-

212 1159 375 1202 tiarum
410 1159 594 1208 scaenis,
629 1157 709 1202 ubi
742 1157 836 1202 vasi
869 1156 1101 1201 balneario
1135 1155 1289 1201 nullus
1323 1164 1388 1201 est
1421 1156 1583 1200 locus‘?
1640 1155 1822 1200 Deinde
1856 1155 1980 1200 haud

215 1228 482 1272 crediderim
521 1228 732 1285 frigidam
772 1245 937 1285 aquam
977 1229 1022 1271 in
1062 1227 1248 1272 vasculo
1289 1245 1383 1271 esse
1424 1234 1707 1278 asservatam,
1749 1226 1893 1284 quod,
1934 1234 1981 1271 ut

215 1300 362 1343 statim
397 1298 737 1350 demonstrabo,
772 1298 921 1343 solum
956 1316 1009 1343 eo
1040 1306 1106 1342 est
1138 1306 1447 1343 constructum
1482 1297 1689 1348 consilio,
1725 1305 1774 1342 ut
1806 1297 1982 1355 aliquid

216 1369 487 1414 calefaceret.
553 1370 810 1414 Brueckner
851 1378 1001 1414 autem
1044 1370 1149 1427 (qui
1192 1369 1218 1414 l.
1268 1387 1302 1414 c.
1348 1369 1534 1426 praebet
1582 1368 1838 1426 catalogum
1886 1369 1983 1413 eius

216 1440 343 1485 modi
391 1440 693 1492 vasculorum,
746 1442 826 1498 qui
877 1440 996 1485 idem
1045 1448 1204 1485 auctus
1253 1447 1318 1485 est
1363 1458 1385 1484 a
1436 1439 1648 1484 Richtero
1687 1439 1714 1484 l.
1756 1440 1814 1494 c.)
1863 1439 1983 1484 lebe-

215 1519 312 1556 tum
347 1529 481 1556 usum
514 1511 639 1556 haud
679 1511 821 1556 modo
856 1513 967 1568 petit
1000 1529 1021 1556 e
1056 1511 1201 1556 forma
1235 1511 1314 1556 sed
1348 1512 1480 1556 etiam
1516 1529 1537 1555 e
1571 1512 1770 1568 picturis,
1812 1510 1983 1568 quibus

217 1590 322 1627 sunt
366 1584 532 1633 ornati;
579 1582 767 1639 hydriae
813 1582 870 1627 ad
916 1582 1189 1627 lavationem
1237 1583 1512 1639 pertinentes
1551 1581 1770 1639 praebent
1810 1581 1984 1639 puellas

217 1671 383 1712 aquam
407 1662 651 1711 portantes,
676 1653 921 1711 amphorae
945 1655 1264 1711 praemiorum,
1285 1653 1456 1711 quibus
1480 1653 1668 1711 quidem
1694 1653 1986 1697 donabantur

218 1727 298 1783 qui
323 1725 650 1769 Panathenaica
673 1726 883 1776 vicerant,
918 1726 1158 1770 certamina
1182 1733 1539 1782 argumentaque
1562 1725 1785 1782 gymnica,
1819 1723 1985 1780 lecythi

218 1796 373 1841 olearii
407 1813 508 1840 cum
547 1797 737 1840 mortuis
777 1796 951 1840 conditi
991 1795 1192 1840 offerunt
1237 1795 1505 1840 defunctum
1553 1803 1603 1840 ut
1647 1794 1884 1839 descendit
1927 1794 1984 1838 ad

220 1866 405 1918 inferos,
439 1867 509 1912 vel
544 1868 837 1924 superstitum
877 1866 933 1911 ad
980 1867 1238 1923 sepulcrum
1284 1867 1470 1918 luctum,
1504 1865 1762 1923 lutrophori
1796 1882 1904 1910 vero
1938 1873 1988 1910 ut

219 1937 358 1995 paulo
392 1946 497 1995 post
534 1937 780 1995 intelleges,
827 1938 973 1982 ornati
1018 1946 1124 1982 sunt
1168 1937 1331 1995 puellis
1376 1937 1655 1995 aquantibus
1699 1936 1770 1982 vel
1817 1953 1986 1994 pompa

218 2009 425 2065 nuptiali.
490 2008 678 2053 Lebetes
712 2009 849 2066 igitur
888 2025 990 2052 cum
1029 2010 1225 2053 maxima
1264 2026 1318 2052 ex
1358 2016 1481 2065 parte
1522 2007 1768 2065 praebeant
1806 2009 1986 2056 ἔπαύλια,

218 2081 245 2124 i.
281 2098 316 2125 e.
351 2081 644 2125 caerimonias
690 2081 859 2137 posteri
904 2079 1009 2131 diei,
1054 2097 1148 2124 non
1193 2079 1337 2124 modo
1382 2079 1622 2125 verisimile
1668 2086 1734 2123 est
1778 2078 1858 2123 sed
1904 2095 1986 2135 pro

220 2160 340 2197 certo
373 2151 523 2196 habeo
565 2150 623 2195 ad
662 2150 782 2195 hunc
822 2151 972 2207 ipsum
1014 2149 1135 2195 diem
1175 2151 1366 2208 eiusque
1405 2151 1668 2195 memoriam
1711 2167 1806 2194 esse
1844 2149 1987 2194 factos

220 2241 267 2267 ac
302 2223 522 2279 depictos.
588 2222 804 2278 Superior
836 2221 966 2278 pedis
1000 2238 1101 2278 pars
1135 2239 1237 2266 cum
1277 2222 1333 2266 sit
1372 2229 1552 2278 pertusa
1591 2222 1767 2278 exiguis
1807 2220 1987 2265 foramis

220 2293 356 2338 nibus
375 2292 528 2338 circuli
542 2292 613 2337 vel
629 2292 778 2337 cordis
795 2292 988 2336 formam
1006 2292 1331 2349 praebentibus
1350 2292 1621 2336 —interdum
1642 2291 1790 2336 solum
1810 2292 1940 2349 pictis
1957 2317 1986 2321 -

221 2382 337 2422 quae
370 2363 456 2408 hoc
495 2363 639 2408 modo
679 2363 828 2407 solum
869 2372 1063 2420 possunt
1099 2363 1314 2421 intellegi,
1361 2372 1410 2407 ut
1453 2364 1570 2421 ignis
1615 2363 1846 2408 subiectus
1891 2379 1988 2407 aere

221 2437 496 2492 irrumpente
542 2435 686 2479 acrius
728 2434 1047 2487 inflammetur,
1098 2443 1267 2480 certum
1308 2442 1373 2479 est
1405 2434 1574 2478 lebetes
1608 2433 1860 2491 completos
1894 2450 1988 2477 esse

223 2505 378 2551 calidis
423 2505 703 2563 quibusdam
742 2505 898 2557 rebus,
932 2506 1121 2551 fortasse
1155 2505 1281 2557 cibis,
1328 2506 1422 2550 sive
1461 2504 1822 2562 adportabantur
1859 2521 1989 2548 mane

222 2577 432 2631 maritis-²)
467 2577 560 2621 sive
593 2575 946 2632 adponebantur
987 2577 1172 2622 thalami
1205 2578 1421 2634 portae⁵³)‚
1455 2576 1578 2621 haud
1612 2576 1770 2626 modo,
1810 2583 1860 2620 ut
1892 2575 1990 2632 opi-

222 2656 354 2692 natur
388 2647 657 2698 Brueckner‚
701 2664 755 2691 eo
796 2648 1002 2699 consilio,
1050 2656 1099 2693 ut
1142 2648 1361 2692 haberent
1406 2647 1536 2705 quod
1582 2664 1711 2691 mane
1757 2654 1989 2701 surgentes

349 2826 370 2867 ¹)
399 2823 500 2858 Idem
529 2824 768 2860 contendunt
798 2825 998 2860 Bluemner
1025 2825 1147 2869 (Uber
1174 2825 1403 2870 griechische
1434 2823 1864 2868 llochzeitsgebra'uche,
1894 2824 1989 2857 Fest-

223 2884 316 2927 gabe
345 2882 405 2918 fiir
431 2882 577 2918 Gerold
605 2885 735 2928 Meyer
761 2897 839 2919 von
874 2886 1051 2925 Knonau,
1084 2884 1220 2919 Ziirich
1257 2886 1357 2927 1913)
1386 2894 1418 2919 et
1448 2882 1704 2919 Heckenbach
1733 2886 1770 2916 in
1800 2882 1929 2925 Paulyi
1957 2887 1991 2915 et

225 2943 431 2977 W'issowae
459 2942 753 2987 encyclopaedia
780 2943 869 2978 reali
896 2957 922 2979 s.
950 2957 983 2979 v.
1015 2942 1213 2978 Hochzeit.

345 3012 370 3055 ²)
398 3011 456 3047 Cf.
483 3012 677 3048 vasculum
704 3026 797 3049 mus.
825 3013 965 3049 Athen.
998 3015 1101 3055 1252;
1130 3013 1232 3049 lebes
1259 3026 1389 3058 panno
1417 3019 1470 3048 est
1496 3018 1700 3048 contectus.

346 3083 371 3126 3)
398 3082 457 3119 Cf.
486 3083 995 3128 FurtwaenglersReichhold
1020 3084 1095 3120 tab.
1123 3085 1195 3139 573.
