2154 3403
1127 76 1183 120 32

273 227 470 284 pedibus
488 228 644 274 leviter
657 230 864 280 curvatis,
883 230 954 273 cui
974 229 1096 273 dona
1112 228 1262 273 ferunt
1275 228 1455 283 (eadem
1474 246 1631 273 scaena
1643 231 1859 286 repetitur
1875 232 1920 276 in
1939 249 2035 278 vass

273 298 361 343 culi
384 298 537 355 pede).
594 301 724 344 quta
747 308 897 344 autem
919 301 1007 344 iam
1031 308 1170 344 mater
1191 300 1293 344 ficta
1327 307 1393 344 est
1415 299 1523 344 felix
1547 314 1662 356 quae
1684 300 1854 358 gaudet
1876 319 2033 359 puero.

272 369 419 427 Quod
439 387 590 415 nonne
610 378 675 414 est
693 372 820 428 quasi
843 371 1085 415 verborum
1104 370 1345 414 illustratio
1365 384 1479 427 quae
1504 370 1609 415 facit
1633 372 1700 415 Ps.
1722 372 1864 417 Dion.
1885 372 2033 418 Halic.

271 444 369 495 τέχν.
402 444 537 495 ῥητωρ.
573 443 641 485 IV
680 442 854 498 (opusc.
896 441 964 486 ed.
1009 443 1186 486 Usener
1217 440 1545 485 Radermacher
1584 443 1625 485 ΙΙ
1670 443 1686 485 1
1731 458 1774 498 p.
1814 443 1917 499 271)
1956 445 2034 500 qui

271 512 398 570 quod
422 515 544 566 λόγον
567 514 724 557 attinet
746 515 1016 566 ἐπιθαλάμιον
1040 512 1346 556 commendat:
1371 514 1435 553 ἐπὶ
1463 514 1558 554 τέλει
1582 514 1625 554 ὁὲ
1647 515 1714 554 καὶ
1737 515 1837 569 εὐχῇ
1857 517 2035 568 χρῆσθαι

270 587 386 631 ὅπως
417 587 475 626 ὅτι
506 586 665 638 τάχιστα
696 586 837 630 παῖὁες
869 587 1042 637 γένοιντο
1060 587 1085 628 '1³

388 657 540 700 Finem
561 655 693 699 faciat
711 655 820 699 alter
837 656 981 699 musei
1000 654 1295 698 Atheniensis
1314 654 1436 697 lebes
1455 654 1527 709 (C.
1543 654 1597 699 C.
1623 655 1731 699 1228
1750 656 1818 699 Br.
1837 655 1928 700 tab.
1947 658 1993 700 V
2007 657 2033 700 2

271 742 385 784 quae
418 727 510 771 fide
543 734 724 783 superat
757 727 952 782 priorem
988 724 1345 781 publicationem
1369 750 1411 755 ——
1436 726 1504 768 M.
1540 724 1583 769 d.
1619 727 1651 770 I.
1682 727 1724 769 X
1753 726 1825 780 342
1852 751 1894 757 —-
1919 741 2033 784 quae

271 797 491 854 permulta
525 797 710 854 praebet
743 796 856 841 falso
889 796 1164 851 restaurata).
1216 796 1400 840 Sinistra
1434 812 1535 852 pars
1569 797 1779 852 congruit
1811 814 1913 841 cum
1945 797 2033 842 illis

270 883 381 925 quas
414 885 549 925 supra
583 867 710 912 attuli
753 866 1256 923 repraesentationibus.
1312 866 1569 910 Brueckner
1602 866 1789 923 quidem
1818 885 2034 925 sponsam

270 947 397 995 putat
421 939 626 983 coronari
650 955 670 982 a
695 940 874 982 Venere
909 938 1200 992 (‚‚Investitur
1230 936 1374 981 durch
1397 937 1719 993 Aphrodite“).
1777 939 1863 983 Sed
1887 939 2034 984 Amor

269 1010 391 1054 haud
432 1009 602 1054 sufficit
635 1023 727 1065 quo
761 1010 952 1052 nitentes
988 1008 1198 1051 feminam
1239 1007 1359 1051 illam
1393 1007 1641 1052 habeamus
1675 1008 1825 1060 deam;
1866 1016 1908 1053 et
1941 1010 2032 1054 dias

269 1081 399 1125 derna
439 1082 571 1125 etiam
610 1080 718 1124 alibi
753 1081 957 1130 occurrit,
998 1078 1051 1123 cf.
1087 1096 1301 1123 coronam
1341 1078 1568 1123 dentatam
1611 1081 1680 1123 Br.
1714 1078 1804 1123 tab.
1839 1082 1954 1125 VIII
1989 1106 2030 1111 —

269 1152 480 1209 equidem
523 1159 635 1208 puto
682 1168 776 1195 eam
817 1150 929 1194 nihil
978 1168 1071 1194 esse
1106 1151 1190 1194 nisi
1225 1151 1375 1207 ipsum
1410 1149 1599 1194 donum.
1665 1151 1812 1208 Quod
1854 1153 2034 1196 Hauser

268 1223 338 1267 hic
372 1223 625 1280 praeparari
658 1221 893 1266 Adonidis
928 1220 1163 1265 sollemnia
1198 1222 1383 1271 censuit,
1410 1220 1756 1265 concedendum
1780 1229 1846 1265 est
1869 1221 2031 1266 scalam

268 1295 461 1351 reperiri,
508 1293 587 1338 sed
638 1292 828 1337 offendo
869 1292 1099 1336 donorum
1138 1309 1300 1348 genere
1346 1309 1463 1348 quae
1502 1291 1615 1335 nihil
1653 1291 1823 1336 habent
1867 1292 1924 1336 ad
1957 1292 2031 1336 illa

268 1364 566 1409 referendum.
630 1365 676 1408 A
715 1363 896 1408 dextera
937 1362 1140 1407 eiusdem
1181 1380 1378 1413 scaenae,
1426 1370 1475 1406 ut
1517 1363 1576 1406 ita
1617 1362 1776 1414 dicam,
1823 1362 2031 1408 videmus

266 1436 450 1481 alteram
494 1436 748 1480 versionem
794 1434 949 1479 leviter
996 1441 1308 1491 permutatam.
1383 1434 1565 1477 Femina
1610 1434 1655 1477 in
1700 1433 1806 1477 sella
1855 1433 2030 1487 sedens,

266 1508 362 1552 duo
396 1506 578 1557 lebetes,
623 1506 755 1550 etiam
796 1504 1053 1562 quasillum,
1095 1512 1252 1549 cuncta
1290 1504 1374 1548 tibi
1414 1511 1521 1548 nota
1561 1512 1678 1548 sunt.
1750 1506 1801 1548 In
1840 1521 2030 1550 numero

266 1585 414 1622 autem
435 1577 556 1622 dona
575 1576 816 1621 ferentium
837 1593 938 1620 cum
957 1576 1212 1620 inveniatur
1230 1576 1444 1627 Victoria,
1467 1574 1656 1619 fortasse
1681 1582 1746 1619 est
1767 1574 2031 1631 symbolum

265 1648 523 1693 luctationis
547 1647 777 1705 nuptialis,
809 1648 936 1691 cuius
962 1664 1070 1691 usus
1094 1646 1292 1690 rudioris
1315 1647 1562 1703 reperimus
1586 1647 1774 1703 vestigia
1801 1647 1848 1690 in
1870 1646 2030 1703 mytho

264 1719 343 1764 illo
378 1719 498 1764 Pelei
531 1726 574 1763 et
605 1718 828 1763 Thetidis.
902 1719 1022 1763 Cum
1063 1726 1213 1762 autem
1252 1717 1441 1762 facimus
1482 1735 1584 1761 cum
1624 1716 1912 1762 Bruecknero
1952 1719 2030 1774 qui

263 1791 454 1848 figuram
494 1789 654 1835 alatam
699 1790 1017 1846 interpretatur
1060 1789 1304 1840 Auroram,
1350 1788 1595 1833 admonere
1640 1789 1745 1832 satis
1790 1796 1856 1833 est
1899 1806 2030 1834 mane

263 1862 378 1906 facta
430 1879 525 1906 esse
577 1860 768 1918 epaulia.
843 1859 1203 1917 Explicationem
1257 1858 1512 1917 praeferens
1560 1858 1834 1903 Brueckneri
1884 1858 2029 1904 lebete

264 1934 383 1977 nitor
427 1933 571 1977 musei
610 1931 904 1976 Atheniensis
959 1932 1036 1988 qui
1075 1930 1268 1988 figuram
1316 1930 1476 1974 alatam
1526 1930 1710 1987 praebet
1756 1929 1932 1974 facibus
1965 1931 2030 1974 in-

263 2011 475 2048 structam
509 2003 598 2059 (Br.
623 2002 712 2047 tab.
738 2002 781 2058 7)
816 2017 931 2059 quae
965 2003 1045 2046 etsi
1068 2001 1298 2046 interdum
1321 2001 1586 2045 tribuuntur
1609 2002 1853 2052 Victoriae,
1877 2008 2027 2045 tamen

264 2076 471 2132 primitus
505 2082 610 2118 sunt
642 2074 850 2118 Aurorae
883 2073 1144 2130 propriae').

383 2144 572 2202 Epaulia
605 2146 754 2202 igitur,
790 2144 982 2189 breviter
1016 2152 1065 2187 ut
1102 2150 1313 2200 repetam,
1354 2142 1697 2187 celebrabantur
1729 2159 1872 2193 mane,
1906 2151 2028 2199 post-

263 2231 399 2274 quam
432 2217 624 2260 carmine
657 2232 821 2260 somno
855 2216 1163 2259 excitaverunt
1195 2213 1429 2268 maritos'2).

383 2288 558 2344 Sponsa
598 2294 675 2330 aut
713 2294 914 2331 versatur
952 2286 998 2329 in
1045 2284 1258 2329 cubiculo
1303 2286 1349 2328 in
1395 2284 1510 2328 lecto
1556 2284 1718 2328 sedens
1763 2292 1840 2328 aut
1884 2284 2026 2328 modo

263 2375 436 2415 egressa
471 2357 652 2402 ordinat
683 2364 852 2402 vestem
894 2356 1050 2400 dextra
1089 2355 1295 2399 laciniam
1335 2372 1470 2412 super
1516 2372 1720 2399 umerum
1760 2354 2026 2412 protrahens

264 2430 353 2485 (ΒΓ.
387 2429 477 2474 tab.
512 2430 552 2480 7,
587 2430 640 2474 C.
676 2429 730 2473 C.
770 2429 893 2479 1575,
926 2427 1016 2471 tab.
1051 2428 1106 2471 48
1149 2435 1192 2471 et
1231 2428 1301 2470 Br.
1341 2426 1431 2470 tab.
1472 2425 1515 2481 8)
1561 2433 1638 2470 aut
1682 2425 1815 2470 sellae
1860 2425 2028 2470 insidet

263 2517 380 2557 quae
414 2500 626 2544 convenit
659 2500 787 2543 matri
820 2498 1011 2542 familias
1046 2497 1123 2553 (cf.
1158 2497 1248 2542 tab.
1272 2498 1336 2552 9),
1371 2513 1558 2554 semper,
1593 2496 1722 2554 quod
1756 2498 1917 2542 iterum
1949 2495 2027 2541 ad-

263 2588 444 2622 moneo,
478 2570 713 2616 velaminis
748 2569 963 2627 expers3).

384 2667 409 2709 ¹)
436 2665 542 2701 Alias
584 2664 771 2700 eiusmodi
811 2666 1171 2709 repraesentationes
1211 2676 1306 2708 quae
1347 2662 1529 2708 praebent
1556 2663 1744 2698 Auroram
1771 2660 1938 2697 ostendit
1965 2663 2023 2697 Br.

290 2754 296 2761 .
325 2724 391 2758 105
417 2724 547 2760 adnot.

262 2738 284 2770 p
381 2785 410 2827 2)
438 2782 496 2819 Cf.
524 2782 617 2828 quid
645 2782 772 2818 dicant
798 2781 958 2817 feminae
988 2780 1303 2817 Lacedaemoniae
1330 2784 1369 2816 in
1395 2780 1553 2816 Theocr.
1575 2779 1717 2822 Ἑλένης
1743 2778 1880 2829 §amah
1910 2779 1954 2813 18
1979 2778 2024 2813 56

542 2841 698 2883 rer‘vflee‘m
725 2841 862 2883 κιῖΙιιμγς
889 2840 923 2877 ἒς
950 2841 1096 2882 ὄρθρον,
1122 2840 1200 2872 ἐπεί
1222 2854 1266 2872 κα
1293 2845 1423 2882 πρᾶγος
1450 2838 1568 2876 ἀοιδὸς

543 2900 581 2939 ἒξ
607 2900 708 2937 εὖνᾶς
735 2899 912 2942 κελαδήσῃ
941 2899 1106 2942 ἀνασχὼν
1132 2899 1273 2942 Ρῖἷῑριχα
1300 2899 1421 2941 δειράν

261 2960 385 3007 (quod
412 2973 559 2996 carmen
587 2965 743 2995 vocatur
770 2960 1009 3001 ιδιεγερτικιὶν).

382 3021 409 3064 ³)
439 3021 480 3055 In
508 3022 614 3055 asino
642 3018 709 3054 illo
737 3031 848 3063 quem
876 3017 1084 3063 publicavit
1109 3018 1338 3062 Hartwigius
1364 3030 1525 3063 sponsae
1544 3015 1702 3062 capillus
1728 3018 1768 3051 in
1795 3013 1942 3050 nodum
1970 3019 2024 3050 est

264 3079 443 3115 collectus
473 3091 602 3124 panno
630 3083 842 3114 contectum
870 3090 981 3122 quem
1009 3080 1124 3122 cingit
1149 3079 1240 3112 vitta
1267 3075 1588 3120 (Fransenbinde).
