2154 3403
1036 142 1088 186 16

180 294 311 350 giana
335 301 459 351 pater
481 293 628 339 adstat
648 303 817 352 portae.
868 297 1072 346 Hastam,
1107 296 1178 340 cui
1200 295 1277 340 tali
1300 296 1346 339 in
1370 312 1526 340 scaena
1548 294 1673 339 haud
1707 302 1772 339 est
1799 295 1940 346 locus,

182 381 204 408 e
243 364 408 409 baculo
446 364 526 409 illo
566 373 679 421 puto
720 383 814 410 esse
854 373 1124 423 corruptam.
1189 366 1387 411 Similem
1427 367 1473 410 in
1512 365 1703 410 modum
1742 366 1943 422 peccavit

181 434 351 479 vasculi
385 437 530 492 pictor
563 435 692 493 quod
726 435 977 493 publicavit
1010 436 1183 481 Roulez
1217 436 1266 491 (l.
1302 454 1335 481 c.
1370 453 1413 493 p.
1448 437 1496 491 5)
1537 435 1729 480 feminae
1762 437 1942 492 sponsis

181 504 327 550 lucem
360 505 592 562 praebenti
626 506 722 551 duo
760 507 1009 551 attribuens
1041 507 1269 551 hastarum
1309 506 1494 564 spicula.
1560 507 1791 550 Nimirum
1825 505 1942 550 faces

182 575 419 620 habendae
458 584 564 621 sunt
601 577 758 634 quales
796 577 867 623 vel
906 586 1045 622 mater
1081 585 1215 629 tenet,
1255 595 1372 635 quae
1410 579 1456 621 in
1496 577 1633 633 cylice
1674 576 1943 621 Atheniensi

184 646 339 703 figuris
377 647 524 692 rubris
564 656 719 692 ornata
759 649 939 704 (Wien.
974 648 1104 693 Vorl.
1138 650 1249 693 VIII
1282 650 1326 703 1)
1366 649 1412 692 in
1452 647 1673 705 prothyro
1712 655 1832 692 stans
1871 664 1944 691 ex-

183 725 353 775 spectat
384 735 580 775 sponsos
613 719 872 764 citharoeda
906 727 1090 764 canente
1124 719 1289 764 cithara
1323 718 1400 769 (cf.
1436 720 1568 763 etiam
1601 718 1819 775 pyxidem
1844 719 1945 762 Ere-

182 789 391 833 triensem
425 789 562 834 Arch.
592 790 747 847 Jahrb.
787 792 836 835 15
869 790 959 835 tab.
993 792 1056 845 2).
1122 790 1309 847 Quibus
1344 807 1445 834 cum
1484 789 1792 833 monumentis
1826 806 1946 833 com-

183 876 311 916 pares
345 877 517 917 quaeso
551 860 690 905 schol.
726 862 879 918 Eurip.
912 861 1082 906 Phoen.
1107 863 1210 905 344:
1250 863 1348 907 ἔθος
1378 862 1429 915 ἦν
1460 862 1531 915 τὴν
1562 862 1730 914 νύμφην
1764 861 1845 901 ὑπὸ
1876 865 1946 914 τῆς

182 931 337 984 μητρὸς
366 937 436 972 τοῦ
471 937 697 985 γαμοῦντος
727 934 825 986 μετὰ
858 934 1089 986 λαμπάὸων
1121 934 1359 986 εἰσάγεσθαι.

871 1217 1096 1297 Caput
1145 1219 1261 1280 ΙΙΙ.

304 1333 389 1388 ἕ5.
441 1334 709 1390 Priusquam
744 1333 800 1377 ad
834 1333 940 1378 alias
974 1350 1153 1378 scaenas
1186 1351 1256 1378 me
1287 1340 1544 1378 convertam
1574 1331 1799 1388 nuptiales
1833 1347 1949 1388 quae

187 1403 374 1461 quidem
408 1403 658 1448 allexerunt
690 1405 893 1456 artifices,
928 1421 1150 1461 perpauca
1174 1403 1502 1461 praemittenda
1525 1410 1630 1448 sunt
1654 1402 1710 1447 de
1734 1410 1952 1459 quattuor

186 1474 379 1520 vasculis
412 1492 529 1532 quae
565 1474 694 1530 plane
728 1475 972 1520 abhorrent
1005 1492 1027 1519 a
1062 1475 1351 1520 deductionis
1390 1482 1503 1531 typo
1537 1491 1674 1531 quem
1712 1474 1950 1518 statuimus

187 1563 428 1603 moresque
463 1545 680 1589 exhibent
713 1545 960 1602 singulares
993 1563 1112 1603 quos
1145 1547 1383 1603 scriptores
1416 1544 1541 1589 haud
1582 1551 1949 1589 commemorant.

307 1629 492 1672 Initium
541 1628 674 1673 faciat
726 1628 959 1673 vasculum
1011 1628 1131 1672 illius
1185 1628 1465 1673 simillimum
1514 1627 1658 1671 musei
1707 1626 1951 1670 Britannici

188 1699 345 1756 figuris
390 1701 528 1756 nigris
574 1700 719 1744 ornati
759 1699 888 1757 quod
929 1699 1113 1756 praebet
1157 1716 1300 1743 sacras
1345 1700 1540 1755 nuptias.
1613 1699 1690 1742 Est
1734 1696 1952 1754 amphora

189 1778 345 1814 ornata
377 1769 534 1827 figuris
569 1771 706 1826 nigris
740 1770 904 1814 saeculi
929 1771 996 1814 VI
1030 1769 1310 1814 collectionis
1344 1787 1481 1827 quam
1512 1775 1796 1826 congesserat
1818 1775 1952 1825 poeta

190 1842 343 1898 Diego
367 1840 547 1885 Vitrioli
575 1841 735 1897 Rhegii
769 1842 968 1898 (Reggio
993 1840 1039 1885 di
1063 1840 1306 1894 Calabria).
1357 1841 1562 1885 Fortuito
1597 1858 1618 1884 e
1651 1847 1791 1884 terrae
1823 1846 1952 1883 motu

190 1912 270 1969 qui
305 1936 346 1942 —
381 1912 477 1955 dies
516 1919 606 1956 ater
638 1911 762 1955 haud
797 1911 946 1956 solum
980 1911 1133 1955 Italiae
1172 1911 1251 1956 sed
1285 1913 1369 1956 toti
1402 1919 1617 1955 terrarum
1656 1910 1756 1955 orbi
1790 1935 1832 1940 —-
1866 1909 1952 1953 sub

189 1982 326 2027 finem
361 1984 465 2026 anni
503 1984 612 2027 1908
645 1990 788 2026 totam
822 1983 1050 2026 concussit
1082 1982 1339 2027 Calabriam
1375 1982 1582 2039 duasque
1622 1981 1756 2025 urbes
1790 1981 1953 2025 floren-

188 2055 383 2099 tissimas
416 2054 517 2098 solo
551 2054 764 2110 aequavit
795 2054 936 2097 evasit
967 2053 1209 2097 incolumis
1243 2053 1335 2108 (his
1360 2052 1547 2110 quidem
1571 2051 1870 2109 temporibuS,
1906 2058 1955 2095 ut

192 2125 353 2182 Rhegii
388 2125 600 2181 comperi,
634 2125 679 2168 in
713 2122 855 2167 domo
889 2131 1140 2168 asservatur
1162 2123 1359 2174 heredis;
1394 2123 1567 2181 publici
1600 2124 1709 2167 iuris
1742 2122 1856 2167 facta
1890 2129 1956 2166 est

191 2213 311 2240 anno
357 2203 462 2252 post
502 2212 525 2238 a
566 2193 733 2238 Nicola
774 2195 947 2238 Putorti
994 2195 1039 2238 in
1081 2195 1318 2239 Ausoniae
1360 2194 1594 2239 volumine
1634 2196 1703 2238 IV
1744 2210 1787 2250 p.
1835 2193 1953 2247 132).

193 2269 368 2311 Praeter
413 2267 649 2320 προηγητὴν
696 2272 738 2309 et
783 2267 1062 2319 παράνυμᾳον
1114 2282 1330 2321 pompam
1379 2265 1635 2322 complures
1684 2265 1956 2309 comitantur

192 2337 492 2394 canephoroe,
527 2353 718 2393 quarum
746 2353 833 2379 una
857 2343 1006 2392 portat
1037 2338 1182 2384 λίκνον,
1215 2353 1415 2381 vannum
1445 2353 1538 2380 non
1563 2334 1840 2392 profundam
1864 2351 1954 2391 qua

192 2409 332 2453 hodie
371 2425 561 2465 quoque
602 2414 791 2450 utuntur
829 2406 1049 2463 agricolae
1089 2406 1145 2450 ad
1185 2406 1476 2463 purgandum
1515 2406 1836 2461 frumentum¹)
1877 2404 1954 2460 (cf.

187 2482 300 2537 Jane
335 2479 572 2529 Harrison,
602 2481 640 2535 J.
676 2477 730 2522 of
760 2476 879 2520 Hell.
916 2476 1043 2521 Stud.
1078 2479 1233 2521 XXIII
1268 2477 1342 2534 fig.
1377 2479 1440 2532 8).
1506 2478 1739 2521 Nimirum
1772 2476 1858 2520 hoc
1892 2483 1958 2520 est

193 2550 313 2594 idem
348 2550 638 2603 canistrum)
679 2565 701 2592 e
735 2565 830 2605 quo
870 2549 915 2591 in
949 2565 1055 2591 cena
1095 2547 1286 2604 nuptiali
1320 2565 1511 2604 puerum
1546 2565 1709 2604 panem
1746 2547 1955 2592 videmus

194 2620 554 2665 distribuentem.
591 2621 641 2663 In
661 2620 874 2663 convivio
895 2620 1011 2662 enim
1032 2618 1224 2675 nuptiali
1248 2636 1360 2675 puer
1383 2620 1511 2663 cuius
1529 2618 1745 2664 vivebant
1768 2625 1810 2662 et
1832 2624 1957 2674 pater

195 2700 237 2736 et
259 2699 398 2736 mater
420 2707 635 2741 vannum,
663 2692 808 2738 λίκνον,
832 2689 977 2733 ferens
1002 2689 1277 2741 circumibat,
1302 2707 1323 2734 e
1348 2707 1443 2747 quo
1468 2689 1771 2734 distribuebat
1794 2705 1956 2746 panem

316 2833 340 2875 ¹)
381 2830 545 2867 Eandem
589 2833 967 2876 repraesentationem
1012 2833 1226 2865 invenimus
1268 2833 1307 2865 in
1350 2830 1504 2866 vasculo
1547 2833 1665 2866 musei
1710 2825 1955 2875 Neapolitani

196 2890 468 2936 (Heydemann
495 2903 547 2925 no
575 2891 696 2932 2498);
737 2896 876 2934 partem
914 2891 1084 2933 imaginis
1118 2902 1213 2934 quae
1240 2895 1381 2933 spectat
1407 2889 1453 2925 ad
1482 2889 1577 2925 hanc
1605 2892 1865 2936 quaestionem
1893 2887 1957 2923 de-

196 2953 318 2996 pinxit
337 2951 480 2985 Putorti
500 2949 521 2984 l.
542 2962 587 2990 c.;
615 2948 769 2984 evolvas
787 2961 942 2993 quoque
962 2961 1102 2993 quaeso
1128 2948 1229 2984 illius
1256 2948 1507 2993 ephemeridis
1535 2948 1701 2993 anglicae
1727 2947 1803 2983 vol.
1831 2947 1955 2982 XXIII

196 3009 263 3045 ubi
290 3022 324 3054 p.
354 3010 421 3044 315
448 3011 618 3044 invenies
645 3007 838 3043 vasculum
866 3007 1057 3052 depictum
1085 3006 1191 3052 quod
1218 3006 1297 3043 duo
1326 3007 1479 3052 praebet
1504 3008 1614 3040 λῖκνα.

317 3080 346 3123 2)
373 3080 447 3115 Cui
472 3084 655 3123 quantum
677 3077 859 3113 tributum
887 3081 933 3113 sit
952 3081 1132 3113 momenti
1159 3078 1218 3113 vel
1238 3077 1326 3113 inde
1346 3084 1446 3123 patet
1464 3077 1569 3123 quod
1590 3077 1723 3114 eodem
1744 3076 1860 3112 modo
1879 3089 1957 3121 quo

196 3137 444 3184 lutrophorus
472 3143 642 3183 portatur
667 3140 706 3172 in
734 3150 873 3183 pompa
899 3136 1086 3173 sollemni.
