2154 3403
991 86 1046 130 23

137 240 335 299 puellam
373 257 450 285 vas
497 246 766 297 portantem,
808 246 857 283 ut
896 237 1107 283 nonnulli
1148 237 1481 283 contenderunt
1520 240 1602 284 viri
1643 238 1779 290 docti,
1822 239 1901 283 sed

137 311 348 356 manibus
397 311 528 368 quasi
576 309 774 355 salutans
822 326 1016 366 sponsae
1065 308 1249 354 advolat
1296 310 1472 366 virgini.
1542 310 1697 354 Altera
1737 310 1903 354 femina

138 382 281 427 facem
327 389 506 439 gestans
546 388 589 425 et
626 381 793 425 femina
843 398 960 438 quae
1008 379 1165 425 leviter
1212 381 1251 423 ei
1301 381 1481 425 videtur
1527 398 1712 425 manum
1760 382 1904 437 impo-

139 470 256 504 nere,
306 470 350 497 re
404 469 507 497 vera
559 460 708 497 autern
762 459 812 496 ut
864 450 1066 508 impellat
1117 468 1335 507 pompam
1388 453 1579 496 sustinet
1630 452 1904 503 bracchium,

140 522 473 580 nympheutria,
514 522 681 568 finiunt
718 539 948 580 pompam.
1016 523 1092 566 Est
1130 538 1300 579 pompa
1340 522 1556 579 nuptialis
1596 523 1826 567 sollemnis
1866 530 1908 567 et

141 612 243 639 cum
268 593 385 639 desit
408 611 620 651 sponsus,
644 593 715 638 hic
740 593 964 650 depictam
990 610 1084 637 esse
1110 593 1400 649 perspicuum
1430 602 1495 638 est
1524 611 1578 638 ex
1609 596 1906 638 Enneacruno

140 665 491 722 aquationem¹).
532 666 666 709 Faces
691 681 793 709 cum
817 663 1134 715 adhibeantur,
1159 681 1325 721 aquam
1348 664 1590 709 verisimile
1614 673 1679 710 est
1701 665 1907 711 haustam

141 753 236 781 esse
268 753 454 792 vespere
487 735 555 781 vel
587 743 720 780 nocte
743 736 915 792 nuptiis
939 734 1245 779 antecedente.
1294 736 1518 791 Sponsam
1541 737 1685 793 ipsam
1710 755 1905 794 pompae

142 807 354 851 interesse
372 806 615 851 admoneo.
642 808 749 863 Qua
773 824 817 851 re
842 805 1055 863 equidem
1083 805 1380 850 concluserim
1404 808 1604 863 pristinis
1626 809 1910 865 temporibus

143 877 289 922 fluvio
338 878 440 934 ipso
490 894 586 922 eam
625 876 805 922 lautam.
869 876 1042 921 Thebis
1092 878 1272 921 Ismeno
1320 877 1511 922 flumine
1559 879 1724 923 scimus
1769 879 1911 924 lautas

144 965 238 992 esse
287 966 491 1005 sponsas,
542 949 856 1006 Magnesiacas
913 947 1186 999 Maeandro,
1243 948 1518 993 Scamandro
1585 949 1738 995 Iliacas
1798 952 1913 1006 (λάβε

142 1036 236 1073 μου,
283 1021 550 1074 Σκάμανδρε,
598 1021 668 1074 την
719 1021 974 1073 παρθενίαν).
1061 1018 1244 1063 Deinde
1299 1036 1490 1076 sponsas
1534 1021 1654 1077 ipsas
1702 1023 1913 1066 interesse

146 1107 342 1147 pompae
376 1108 556 1135 necesse
591 1098 695 1142 erat,
730 1090 874 1148 quod,
911 1098 959 1135 ut
984 1089 1250 1134 Plutarchus
1280 1090 1416 1135 tradit
1448 1092 1493 1135 in
1527 1108 1640 1136 narr.
1665 1101 1793 1137 amat.
1830 1111 1862 1137 c.
1893 1095 1909 1137 1

145 1178 187 1217 p.
208 1162 292 1205 772
310 1163 359 1212 B,
379 1161 436 1205 ad
452 1161 627 1206 fontem
643 1179 762 1206 sacra
781 1161 1007 1205 faciebant
1027 1161 1280 1218 Nymphis:
1306 1163 1386 1207 ἕως
1408 1164 1431 1216 ἡ
1456 1164 1560 1216 κόρη
1580 1164 1680 1204 κατὰ
1704 1165 1750 1204 τὰ
1769 1166 1914 1217 πάτρια

146 1233 209 1273 ἐπὶ
226 1234 297 1286 τὴν
313 1233 566 1275 Ιζιοσόεοσαν
585 1234 754 1290 (agitur
772 1232 828 1277 de
850 1232 1059 1276 Haliarto
1080 1232 1214 1287 urbe)
1230 1234 1488 1287 καλουμένην
1504 1236 1660 1288 κρήνην
1682 1237 1818 1289 κατῄει
1834 1241 1917 1281 ταῖς

146 1303 346 1357 Νύμφαις
378 1305 423 1344 τὰ
455 1306 662 1357 προτέλεια
695 1306 940 1359 ’θύσουσα-Ἴ.
997 1306 1151 1361 Quem
1186 1302 1310 1348 haud
1345 1303 1495 1348 solum
1529 1303 1668 1349 fuisse
1699 1307 1916 1350 Boeotiae

149 1391 321 1418 morem
355 1374 601 1419 edocemur
632 1375 719 1420 hoc
754 1374 940 1420 vasculo
974 1376 1105 1433 quod
1138 1376 1185 1419 in
1214 1392 1366 1419 aversa
1401 1384 1524 1426 parte
1559 1375 1693 1421 offert
1725 1394 1917 1421 acerram

148 1447 193 1489 in
218 1445 444 1490 sacrificiis
469 1447 821 1491 usitatissimam.
863 1445 1062 1504 Qualem
1092 1445 1303 1490 habuerit
1327 1463 1521 1503 sponsae
1546 1446 1711 1492 lavatio
1736 1465 1917 1492 sensum

149 1515 469 1573 symbolicum,
489 1517 775 1574 superfluum
795 1525 910 1575 puto
930 1516 1167 1568 disserere;
1192 1517 1297 1561 huic
1322 1525 1471 1562 autem
1496 1535 1679 1562 scaenae
1704 1536 1918 1576 magnum

149 1587 372 1632 tributum
407 1605 502 1632 esse
536 1596 819 1633 momentum
855 1589 922 1634 vel
956 1588 1063 1633 inde
1094 1596 1280 1645 apparet
1304 1588 1433 1646 quod
1458 1588 1529 1633 hic
1554 1606 1648 1633 non
1672 1597 1737 1634 est
1759 1589 1919 1646 hydria

151 1658 362 1715 vulgaris,
393 1677 484 1717 qua
516 1667 720 1712 utuntur,
753 1659 833 1705 sed
867 1677 944 1705 vas
978 1659 1035 1704 ad
1069 1659 1156 1704 hoc
1191 1661 1342 1716 ipsum
1377 1659 1640 1717 perfectum,
1675 1660 1748 1705 ille
1782 1661 1921 1705 lutro-

152 1730 339 1787 phorus.

271 1825 294 1880 §
333 1826 396 1869 10.
463 1825 689 1870 Permulta
722 1825 859 1870 nobis
885 1833 1058 1871 servata
1082 1833 1188 1870 sunt
1210 1825 1391 1871 vascula
1413 1826 1571 1883 figuris
1595 1826 1743 1870 rubris
1767 1834 1922 1871 ornata

154 1913 271 1953 quae
306 1895 549 1953 quomodo
583 1897 804 1953 postridie
837 1914 967 1941 mane
1002 1905 1159 1941 ornata
1193 1898 1249 1941 sit
1282 1914 1449 1953 sponsa
1484 1897 1853 1952 demonstrant3).

274 1990 404 2035 Nolo
423 1991 637 2048 praebere
662 1991 917 2049 catalogum
942 2000 1209 2036 cunctorum
1233 2009 1350 2049 quae
1374 1993 1420 2036 in
1444 1992 1512 2036 his
1537 1992 1672 2037 rebus
1690 2001 1924 2037 versantur

156 2061 329 2116 (solum
363 2061 558 2107 Athenis
589 2064 742 2107 inveni
773 2070 990 2120 quattuor
1020 2062 1073 2107 cf.
1100 2062 1221 2107 Coll.
1252 2080 1294 2107 n.
1333 2064 1571 2112 1227s8s32
1606 2065 1753 2118 1959).
1790 2065 1923 2107 Non-

156 2131 279 2176 nulla
327 2131 511 2176 afferam
568 2133 773 2191 exempla
818 2135 1012 2191 insignia
1062 2133 1233 2191 quibus
1285 2133 1396 2178 mihi
1445 2134 1659 2178 videntur
1706 2135 1925 2179 contineri

157 2211 315 2248 cuncta
339 2204 435 2248 eius
458 2205 569 2261 typi.
625 2205 800 2250 Ordior
824 2223 847 2249 a
870 2205 1056 2250 vasculo
1080 2206 1274 2249 maxime
1299 2205 1491 2262 simplici
1519 2223 1555 2249 a.
1590 2206 1695 2249 1891
1731 2205 1925 2249 Athenis

157 2274 215 2319 ad
259 2274 705 2332 orphanotrophium
741 2283 884 2328 eruto,
925 2276 1055 2334 quod
1096 2277 1177 2320 etsi
1216 2277 1378 2333 partim
1418 2284 1483 2320 est
1522 2275 1736 2327 deletum,
1777 2284 1922 2320 tamen

157 2345 344 2402 praebet
388 2362 593 2390 scaenam
633 2347 927 2404 principalem
970 2364 1113 2404 prope
1153 2347 1430 2392 incolumem
1471 2348 1570 2401 (vas
1611 2346 1783 2404 publici
1824 2347 1928 2391 fecit

158 2417 268 2461 iuris
309 2416 533 2469 Wolters,
578 2418 689 2463 Ath.
731 2420 855 2464 Mitt.
904 2421 955 2463 16
998 2436 1040 2475 p.
1085 2420 1207 2473 382).
1286 2418 1428 2463 Haud
1475 2419 1545 2475 agi
1592 2418 1648 2462 de
1695 2418 1926 2462 cotidiano

160 2488 363 2545 corporis
397 2488 520 2533 cultu
556 2489 634 2534 sed
670 2489 726 2534 de
751 2489 955 2535 ornanda
979 2507 1148 2546 sponsa
1183 2489 1407 2547 significat
1439 2489 1738 2546 lutrophorus
1772 2506 1923 2546 quem,

282 2641 309 2685 ¹)
337 2641 395 2678 Cf.
423 2641 594 2688 Thucyd.
624 2645 655 2679 11
694 2645 736 2677 15
773 2647 838 2690 qui
874 2643 964 2680 haec
1000 2643 1088 2679 facit
1122 2643 1236 2679 verba
1272 2643 1319 2679 de
1347 2642 1578 2679 Callirrhoes
1615 2642 1737 2678 fonte:
1773 2642 1832 2674 καί
1870 2646 1929 2674 νῦν

161 2702 206 2734 ἔτι
234 2700 302 2733 ἀπὸ
328 2705 388 2732 τοῖ’
415 2701 563 2744 ἀρχαίου
590 2704 660 2745 πρό
678 2717 712 2735 τε
737 2708 897 2746 γαμικῶν
924 2703 981 2735 καὶ
1009 2703 1043 2739 ἐς
1071 2703 1154 2736 ἄλλα
1182 2707 1252 2735 τῶν
1270 2703 1376 2744 ἱερῶν
1396 2703 1568 2744 νομίζεται
1590 2706 1637 2743 τῷ
1660 2702 1754 2733 ῐῖὁατι
1774 2701 1928 2743 χρῆσθαι

161 2766 197 2796 et
224 2758 318 2794 Poll.
346 2760 397 2794 III
417 2759 477 2795 43:
505 2761 563 2793 καί
587 2761 716 2804 λουτρά
736 2776 784 2798 τις
803 2763 999 2804 κακίζουσα,
1018 2763 1272 2804 λουτροφόρος,
1289 2761 1455 2804 Ἀθήνησι
1475 2760 1539 2803 μὲν
1559 2761 1597 2793 ἐκ
1618 2766 1676 2802 της
1700 2760 1929 2801 Λῖιλλιρρόης,

162 2818 218 2851 εἶτ’
249 2817 353 2853 αὖθις
377 2817 654 2862 Έννεακρούνου
682 2821 888 2863 κληθείσης,
916 2821 1085 2864 ἀλλαχόθι
1113 2821 1142 2854 δ’
1172 2821 1257 2853 ὅθεν
1283 2820 1325 2852 ἂν
1351 2819 1409 2852 καὶ
1432 2820 1530 2862 τύχη

284 2894 313 2937 2)
341 2891 399 2928 Cf.
440 2894 550 2927 etiam
587 2891 706 2927 schol.
748 2891 853 2928 Pind.
888 2891 995 2937 Pyth.
1030 2893 1083 2927 IV
1118 2891 1201 2927 104:
1241 2890 1324 2923 οἷ’ὁὲ·
1356 2890 1465 2933 γάμος
1498 2889 1614 2925 οὖὸεἰς
1648 2889 1730 2921 ἄνευ
1763 2888 1931 2930 Νυμηῶν

165 2952 384 2984 συντελεῖται.

287 3022 314 3066 3)
331 3023 470 3057 Primas
485 3027 602 3067 agunt
616 3027 737 3066 partes
757 3021 926 3067 pyxides,
947 3021 1096 3057 vascula
1112 3034 1208 3066 quae
1228 3034 1312 3056 cum
1327 3019 1550 3055 feminarum
1568 3018 1671 3054 cultu
1688 3017 1931 3053 cohaerentes

166 3083 426 3126 angustissime
455 3083 492 3116 in
521 3080 626 3116 nulla
653 3080 809 3116 deerant
835 3080 1138 3126 gynaeconitide.
