2154 3403
1025 110 1071 174 11

282 266 352 300 Pro
379 270 480 300 certo
514 267 626 310 igitur
658 263 732 300 hoc
764 263 1002 300 habendum:
1045 264 1223 308 Epinetro
1257 267 1381 308 parvis
1414 262 1594 299 dentibus
1621 267 1803 300 instructo
1831 264 1928 306 lana,

164 329 365 369 antequam
405 323 575 365 nebatur,
614 322 811 359 volvendo
844 322 1075 368 purgabatur
1108 321 1168 366 (cf.
1210 324 1299 358 Hes
1338 335 1364 358 s
1399 336 1432 358 v
1466 322 1757 365 ssnt'1¹›]r[›c›1··ss·rsr
1794 323 1836 355 01⁶7
1869 323 1930 366 τὴν

163 396 208 425 >cy
213 383 301 425 dmi]
338 383 486 425 τρίβοι
527 389 588 421 tr.)
651 383 747 418 Tum
790 381 942 418 demum
981 381 1066 417 lana
1105 384 1306 417 carminata
1339 381 1441 416 colui
1475 381 1553 424 (ᾖν-α
1533 395 1603 414 ww
1596 381 1661 424 'rm
1695 381 1929 427 alligabatur,

165 440 327 486 fusoque
356 441 408 483 (ατ
436 441 500 474 tim
498 396 548 484 Ty)
577 455 595 477 e
623 441 708 477 lana
734 439 797 476 fila
823 440 1112 486 torquebantur.

875 773 1102 853 Caput
1149 775 1231 837 II.

283 891 306 946 ἕ
352 891 390 934 3.
456 890 721 934 Veterrimis
766 889 1052 946 temporibus
1097 889 1386 935 vasculorum
1433 889 1623 934 artifices
1668 890 1714 933 in
1760 889 1932 934 deliciis

165 961 364 1005 habuere
398 960 793 1005 deductionem.
858 961 1083 1006 Omnium
1112 961 1373 1018 nuptiarum
1404 959 1695 1005 sollemnium
1727 961 1835 1005 haec
1869 969 1934 1005 est

165 1031 425 1089 principalis
460 1039 502 1076 et
534 1031 708 1076 allicere
742 1031 941 1076 debebat
983 1030 1188 1083 artifices,
1235 1048 1338 1076 cum
1384 1048 1560 1089 semper
1604 1039 1719 1076 esset
1763 1049 1933 1089 pompa

166 1102 398 1147 sollemnis
431 1103 583 1160 magni
617 1101 886 1159 splendoris.

286 1175 412 1218 Haec
446 1174 491 1217 in
525 1173 803 1218 deductione
836 1181 1070 1218 versantur
1101 1173 1301 1219 vascula:

379 1243 656 1288 Londinens.
691 1261 732 1289 n.
772 1246 866 1296 160,
905 1246 1000 1296 174,
1038 1246 1133 1296 197,
1168 1246 1267 1296 298,
1303 1246 1400 1296 339,
1435 1246 1533 1296 340,
1569 1246 1667 1296 381,
1709 1246 1808 1296 485,
1847 1246 1933 1289 647

451 1314 690 1370 (Walters,
725 1314 979 1372 Catalogue
1013 1315 1068 1360 of
1100 1316 1175 1361 the
1219 1315 1374 1361 Greek
1415 1315 1505 1360 and
1549 1317 1766 1360 Etruscan
1808 1333 1934 1361 vases

450 1386 496 1430 in
528 1385 604 1430 the
638 1388 709 1431 ΒΥ.
744 1388 870 1431 Mus.
906 1386 996 1431 vol.
1032 1388 1112 1441 II).

382 1456 646 1513 Petropolit.
688 1475 729 1501 n.
774 1458 809 1508 1,
860 1458 924 1509 17,
971 1459 1040 1510 34,
1090 1459 1185 1510 143,
1219 1459 1303 1502 237
1338 1457 1462 1513 (coll.
1503 1458 1705 1515 Camp.),
1744 1459 1844 1509 151;
1879 1457 1933 1502 cf.

452 1527 682 1585 Stephani,
718 1529 807 1573 Die
842 1529 1080 1586 Vasenslg.
1116 1528 1196 1574 der
1230 1530 1350 1573 Kais.
1388 1530 1566 1573 Eremit.

382 1598 578 1643 Berolin.
625 1616 667 1643 n.
718 1600 842 1651 1872,
887 1601 1012 1651 1891,
1062 1602 1186 1652 1892,
1237 1601 1361 1651 1923,
1414 1601 1523 1644 1998
1564 1599 1934 1657 (Furtwaengler,

453 1669 738 1727 Beschreibg.
775 1669 854 1714 der
886 1670 1125 1728 Vasenslg.
1160 1672 1220 1715 im
1253 1671 1619 1728 Antiquarium).

381 1742 567 1785 Monac.
614 1758 656 1785 n.
705 1742 775 1792 44,
816 1742 913 1793 312,
954 1743 1054 1793 432,
1096 1743 1195 1792 433,
1241 1743 1340 1793 442,
1387 1743 1485 1793 592,
1530 1744 1630 1793 649,
1675 1743 1775 1792 692,
1825 1742 1936 1786 1196

453 1812 536 1867 (O.
567 1811 700 1869 Jahn,
735 1812 1023 1870 Beschreibg.
1064 1813 1144 1857 der
1176 1813 1415 1870 Vasenslg.
1452 1814 1607 1870 Konig
1640 1812 1857 1870 Ludwigs
1890 1814 1936 1857 in

453 1882 532 1927 der
566 1882 721 1927 Pinak.
756 1900 812 1927 zu
846 1884 953 1938 M.).

380 1953 664 2011 Wiirzburg.
717 1971 759 1998 n.
810 1955 904 2005 124,
955 1955 1049 2006 128,
1094 1956 1202 2005 299;
1243 1954 1297 1999 cf.
1335 1953 1532 2006 Urlichs,
1565 1955 1694 1999 Verz.
1729 1953 1809 1998 der
1841 1955 1936 1999 Ana

452 2023 660 2081 tikenslg.
696 2024 775 2069 der
809 2026 950 2070 Univ.
985 2027 1066 2070 W.
1101 2026 1139 2070 3.
1175 2025 1315 2077 Heft;

168 2103 394 2152 praeterea
426 2095 607 2140 vascula
640 2112 757 2152 quae
791 2094 1126 2152 descripserunt
1159 2096 1384 2147 Gerhard,
1418 2096 1598 2140 Auserl.
1630 2095 1938 2141 Vasenbilder

170 2168 237 2211 IV
272 2183 314 2223 p.
349 2167 525 2217 81—87,
559 2174 602 2211 et
634 2165 821 2217 Roulez,
858 2166 1019 2211 Bullet.
1055 2166 1111 2212 de
1145 2167 1425 2212 l'Academie
1458 2166 1612 2223 royale
1637 2166 1717 2211 des
1741 2168 1936 2212 sciences

170 2244 249 2281 etc.
285 2236 341 2281 de
376 2236 609 2281 Bruxelles
643 2237 733 2282 vol.
769 2239 884 2281 VIII
922 2238 1029 2282 1841
1067 2255 1109 2295 p,
1144 2240 1228 2283 428
1262 2256 1363 2296 sqq.

288 2309 498 2364 Quarum
531 2308 994 2365 repraesentationum
1028 2317 1094 2354 est
1122 2310 1377 2354 communis
1401 2308 1623 2366 quadriga
1648 2308 1936 2353 dextrorsum

171 2378 336 2423 directa
377 2379 423 2422 in
469 2396 559 2436 qua
605 2386 772 2424 stantes
818 2378 986 2436 depicti
1031 2388 1138 2425 sunt
1180 2389 1323 2437 nupta
1369 2397 1661 2438 sponsusque
1708 2379 1936 2424 barbatus.

171 2450 292 2506 (Qui
327 2466 502 2506 semper
535 2457 638 2494 stat
670 2467 693 2494 a
727 2449 884 2495 dextra
918 2467 1112 2507 sponsae
1146 2453 1306 2509 partim
1347 2469 1444 2496 eam
1478 2450 1708 2495 occultans
1743 2468 1831 2495 una
1865 2469 1939 2495 ex-

170 2528 296 2577 cepta
320 2522 742 2577 repraesentatione,
774 2522 820 2565 in
844 2538 934 2578 qua
958 2521 1168 2566 nondum
1197 2522 1463 2567 conscendit
1485 2539 1664 2566 currum
1689 2521 1768 2566 sed
1795 2539 1937 2566 unurn

170 2591 321 2636 solum
360 2592 581 2648 imposuit
619 2591 797 2648 pedem,
845 2592 987 2637 Gerh.
1027 2593 1117 2638 tab.
1164 2595 1285 2648 313).
1364 2594 1529 2650 Sponsi
1575 2610 1676 2637 cum
1722 2592 1938 2637 omnibus

171 2671 330 2718 egeant
375 2662 632 2719 insignibus
678 2670 721 2707 et
763 2664 1140 2720 inscriptionibus
1183 2663 1253 2709 vel
1292 2665 1338 2708 in
1379 2664 1585 2714 vasculis,
1633 2663 1713 2708 ubi
1753 2663 1938 2720 reliquis

172 2734 376 2789 personis
410 2732 646 2789 adpositae
680 2742 798 2785 sunt,
833 2736 1065 2791 quaeritur
1098 2742 1249 2779 utrum
1283 2736 1371 2778 sint
1404 2735 1612 2778 homines
1647 2751 1701 2778 an
1737 2734 1864 2788 dei¹).

294 2874 319 2916 ¹)
342 2875 411 2908 Eos
436 2873 545 2909 deos
565 2887 640 2909 esse
660 2874 942 2911 contenderunt
960 2875 1006 2911 de
1025 2877 1143 2911 Witte
1163 2878 1303 2919 (Descr.
1325 2876 1439 2911 d’une
1460 2875 1544 2910 coll⁴
1566 2875 1611 2910 dc
1632 2888 1735 2910 vases
1755 2868 1938 2910 d'Etrurie

172 2934 248 2967 Par.
280 2934 367 2967 1837
395 2945 429 2977 p.
464 2935 508 2968 74
535 2946 586 2968 no
620 2935 709 2976 126),
739 2934 883 2970 Roulez
911 2935 1020 2978 (l.c.),
1050 2935 1172 2970 Raoul
1202 2934 1383 2970 Rochette
1411 2936 1541 2977 (Peint.
1563 2934 1608 2969 de
1632 2936 1784 2978 Pompei
1806 2947 1838 2978 p.
1865 2936 1931 2967 1111

172 2997 207 3027 et
233 2992 340 3034 3621),
381 2991 554 3027 Welcker
580 2992 661 3036 (Gr.
690 2992 930 3028 Gotterlehre
959 2995 991 3029 II
1030 2995 1108 3034 371,
1142 2994 1256 3029 Arch.
1289 2996 1368 3038 Ztg.
1406 2995 1494 3028 1865
1527 3006 1561 3038 p.
1596 2995 1639 3027 57
1666 2994 1744 3037 sq‚),
1774 2994 1939 3027 Foerster

171 3051 261 3094 (Die
292 3049 481 3086 Hochzeit
507 3050 572 3086 des
598 3053 696 3087 Zeus
723 3051 803 3086 und
832 3050 897 3087 der
924 3053 1036 3093 Hera,
1066 3052 1218 3088 Breslau
1250 3055 1365 3096 1867),
1393 3058 1579 3097 negarunt
1606 3053 1652 3087 O.
1679 3051 1780 3093 Jahn
1808 3050 1937 3094 (Arch.

170 3109 278 3145 Aufs.
307 3122 341 3154 p.
368 3111 413 3145 94
439 3109 521 3154 sq),
549 3109 722 3145 Gerhard
749 3110 771 3146 l.
799 3123 839 3152 c.,
867 3110 1068 3147 Overbeck
1093 3111 1352 3156 (Kunstmyth.
1383 3112 1433 3146 III
1463 3124 1497 3156 p.
1531 3111 1703 3153 169—71).
