2154 3403
1046 116 1101 159 25

193 270 317 316 haud
361 271 511 314 minus
557 270 704 313 Amor
748 286 942 326 sponsae
981 268 1182 325 sandalia
1228 285 1399 311 curans.
1455 268 1679 312 Attendas
1714 268 1847 312 velim
1886 268 1955 312 vel

193 343 412 386 Amorem
445 358 660 385 coronam
692 339 907 384 ferentem
941 339 1153 384 advolare
1187 339 1363 395 virgini.

312 414 465 456 Restat
497 419 547 456 ut
579 411 772 456 feminae
806 410 923 455 duae
963 427 1080 467 quae
1122 427 1301 454 mensae
1341 409 1577 453 inclinatae
1616 409 1761 453 tribus
1801 426 1955 465 caprae

192 482 390 540 pedibus
424 483 584 527 nitenti
618 499 798 527 summo
831 482 1041 526 laborant
1073 480 1242 532 studio,
1278 498 1413 538 quem
1448 482 1493 524 in
1534 481 1724 524 modum
1765 482 1852 524 sint
1885 499 1957 525 ex-

193 553 429 611 plicandae
463 571 746 611 quaeramus.
813 554 926 597 Sunt
959 553 1038 609 qui
1073 551 1390 596 contenderint
1423 569 1494 595 eas
1525 551 1682 608 aliquo
1717 561 1956 608 occupatas

192 641 288 669 esse
334 623 462 668 ludo.
533 623 867 681 Furtwaengler
914 641 1005 667 rem
1054 640 1136 667 acu
1184 624 1330 679 tetigit
1377 623 1531 666 dicens
1577 639 1648 666 eas
1697 640 1957 678 praeparare

192 695 418 752 placentas
441 694 680 752 nuptiales,
712 712 824 752 quas
848 694 988 738 fuisse
1018 695 1330 738 usitatissimas
1360 711 1414 738 eo
1444 693 1588 750 liquet
1612 693 1741 750 quod
1768 694 1958 737 breviter

192 765 440 811 vocabatur
487 768 683 820 γαμήλιος
726 765 979 810 secundum
1024 764 1309 821 Hesychium
1353 782 1384 808 s.
1425 783 1464 809 v.
1500 767 1522 803 ὁ
1564 767 1618 810 εἷς
1665 766 1755 810 τοὺς
1804 768 1959 818 γάμοις

191 839 442 891 πεσσόμενος
493 839 686 883 πλακοῦς.
766 836 985 894 Reliquae
1029 836 1200 894 figurae
1244 853 1339 880 sese
1389 843 1599 880 ornantes
1653 836 1723 879 vel
1777 845 1957 880 ornatae

192 916 298 952 sunt
342 925 536 965 sponsae
582 910 767 953 comites
814 926 927 966 quas
972 909 1229 953 invenimus
1276 916 1318 952 et
1356 909 1402 951 in
1442 924 1549 951 cena
1588 907 1780 963 nuptiali
1827 916 1868 951 et
1914 909 1957 951 in

193 978 484 1023 deductione.
557 979 794 1024 Artificem
842 997 943 1024 cum
993 979 1123 1037 quod
1171 996 1468 1036 personarum
1517 979 1674 1022 attinet
1720 996 1959 1022 numerum

191 1058 288 1095 tum
317 1058 461 1095 vestes
485 1050 742 1102 ditissimas,
767 1068 909 1108 paene
934 1068 1163 1108 egressum
1191 1050 1303 1094 fines
1327 1049 1502 1094 artificii
1526 1051 1822 1100 excusaveris,
1858 1067 1959 1094 cum

193 1121 426 1166 vasculum
476 1122 662 1167 deberet
706 1122 909 1179 adaptari
957 1121 1223 1178 Scytharum
1268 1122 1436 1178 gustui.
1515 1120 1710 1165 Muliere
1756 1120 1959 1165 adstante

191 1191 356 1237 luterio
389 1192 514 1237 haud
548 1193 771 1244 offendes,
807 1210 909 1238 cum
942 1201 1099 1250 agatur
1132 1192 1189 1237 de
1223 1194 1565 1250 praeparatione
1599 1192 1772 1237 festiva.
1837 1191 1959 1236 Talis

192 1263 364 1308 formae
396 1266 585 1319 λουτήρια
619 1267 676 1308 ad
710 1265 959 1309 lavationes
993 1282 1088 1308 esse
1122 1264 1328 1309 adhibita
1361 1271 1549 1308 testatur
1582 1265 1700 1308 F.-R.
1735 1264 1825 1308 tab.
1866 1265 1957 1308 107.

193 1336 369 1380 Caveas
402 1353 600 1394 avesque
635 1337 800 1392 passim
834 1337 1092 1381 invenimus
1126 1337 1172 1380 in
1205 1337 1455 1393 gynaeceis.

314 1408 363 1450 ln
386 1407 586 1451 Atticam
613 1407 871 1451 reducimur
895 1407 1066 1463 pyxide
1096 1407 1261 1452 saeculi
1285 1409 1330 1451 V
1355 1407 1494 1451 hodie
1525 1415 1696 1451 servata
1726 1408 1771 1450 in
1801 1424 1959 1451 museo

193 1478 453 1522 Britannico
479 1479 602 1533 (Cat.
631 1496 673 1522 n.
707 1480 740 1522 E
770 1479 856 1522 774
886 1480 1005 1522 F.-R.
1040 1478 1130 1523 tab.
1156 1480 1268 1533 573),
1303 1495 1455 1536 quam,
1486 1479 1593 1536 quia
1617 1478 1802 1535 praebet
1825 1495 1960 1536 quae-

193 1548 296 1593 dam
331 1548 588 1606 singularia,
637 1549 798 1594 ultimo
847 1549 950 1594 loco
993 1549 1270 1594 tractandam
1314 1550 1548 1594 reservavi.
1631 1551 1719 1593 Hic
1770 1567 1959 1607 quoque

193 1619 250 1664 de
283 1638 440 1665 scaena
474 1622 544 1678 agi
579 1621 772 1678 nuptiali
797 1621 1134 1666 demonstratur
1162 1620 1450 1677 lutrophoro.
1508 1622 1683 1665 Pictura
1708 1621 1803 1665 duo
1828 1621 1961 1665 offert

193 1693 444 1736 ornationis
490 1700 737 1736 momenta:
785 1709 808 1736 a
851 1693 1028 1736 sinistra
1074 1710 1228 1736 comae
1275 1700 1493 1737 ornantur
1538 1709 1746 1749 sponsae,
1793 1691 1960 1736 deinde

191 1762 344 1808 induit
387 1763 588 1808 sandalia
628 1763 848 1821 nuptialia
894 1781 1011 1821 quae
1061 1763 1313 1808 secundum
1361 1763 1647 1819 Hesychium
1682 1763 1962 1808 vocabantur

190 1835 446 1890 νυμφίὸεςῖ).
508 1834 648 1879 Actio
678 1835 815 1891 igitur
845 1851 947 1878 cum
969 1834 1200 1891 procedat,
1235 1844 1411 1891 portam
1446 1834 1709 1891 lebetesque
1733 1834 1960 1878 adstantes

193 1906 324 1964 quasi
368 1905 509 1950 futuri
552 1913 666 1963 puto
710 1923 805 1950 esse
847 1905 1033 1957 indices,
1083 1905 1207 1950 haud
1252 1906 1393 1950 dubie
1433 1907 1602 1963 primae
1646 1907 1790 1949 noctis
1824 1914 1959 1963 atque

192 1978 361 2034 posteri
380 1976 483 2021 diei.
520 1978 754 2021 Nimirum
773 1977 931 2022 artifex
952 1978 1013 2022 ob
1032 1977 1120 2022 loci
1137 1979 1366 2034 angustias
1382 1995 1448 2022 res
1465 1977 1615 2022 solum
1630 1978 1787 2034 tetigit.
1824 1977 1962 2022 Cadit

192 2049 329 2105 igitur
358 2048 601 2105 explicatio
626 2066 762 2106 quam
794 2048 1020 2093 dederunt
1052 2050 1333 2105 Hartwigius
1364 2056 1406 2093 et
1437 2048 1717 2094 &Voltersius
1743 2050 1822 2106 qui
1853 2049 1960 2092 haec

192 2118 382 2177 quidem
404 2118 585 2164 vascula
616 2121 944 2176 coniungentes
979 2137 1079 2164 cum
1103 2119 1393 2176 lutrophoro,
1424 2120 1590 2164 deinde
1614 2120 1801 2164 adducti
1824 2121 1961 2177 gemi-

191 2191 375 2235 natione
417 2189 474 2235 ad
521 2191 786 2235 sententiam
833 2198 939 2235 sunt
983 2190 1190 2248 perducti
1233 2190 1403 2235 lebetes
1443 2208 1537 2235 esse
1573 2209 1675 2236 vasa
1711 2193 1755 2235 in
1790 2190 1960 2248 quibus

192 2279 310 2319 aqua
343 2261 618 2319 lutrophoro
651 2261 781 2306 allata
815 2262 978 2319 partim
1011 2263 1068 2306 sit
1100 2270 1322 2307 asservata
1359 2261 1524 2320 frigida
1564 2264 1726 2319 partim
1767 2263 1821 2306 sit
1850 2261 1960 2305 cale—

192 2332 319 2378 facta.
366 2334 649 2390 Hartwigius
673 2341 723 2378 ut
746 2332 963 2378 defendat
986 2334 1253 2378 sententiam
1277 2351 1418 2383 suam,
1450 2333 1605 2378 confer
1627 2350 1799 2391 quaeso
1824 2350 1959 2390 quem

191 2405 238 2447 in
271 2403 464 2448 modum
487 2405 545 2448 sit
568 2411 750 2448 coactus
775 2403 998 2461 explicare
1022 2421 1170 2448 ramos
1194 2404 1388 2449 vasculis
1418 2405 1679 2461 impositos:
1714 2406 1961 2449 κλαὸίσκονς

191 2473 394 2519 lebetum
428 2474 538 2520 dicit
570 2474 821 2520 destinatos
855 2492 950 2520 esse
989 2475 1047 2520 ad
1079 2478 1295 2529 μετάδοσιν
1332 2478 1554 2530 ἀρώλιιατος
1591 2478 1644 2521 εἷς
1682 2477 1725 2517 τὸ
1767 2477 1880 2527 ὕδωρ
1920 2482 1962 2517 et

191 2545 451 2603 lutrophori
470 2545 589 2591 collo
609 2564 703 2591 esse
722 2548 927 2597 insertos,
953 2549 1069 2593 ὅπως
1091 2549 1341 2600 ἐμποδίζωσι
1363 2549 1406 2588 τὸ
1430 2549 1546 2600 ὕδωρ
1569 2549 1617 2588 νά
1641 2548 1801 2600 ἐκπηδᾷ
1824 2548 1868 2587 ἐκ
1890 2551 1959 2586 τοῦ

191 2619 374 2670 ἀγγείουῑ
416 2619 550 2662 Recte
563 2634 633 2662 me
646 2619 986 2675 interpretatum
1002 2625 1052 2662 ut
1063 2617 1233 2669 videas,
1247 2618 1469 2662 nonnulla
1483 2618 1665 2662 afferam
1685 2627 1958 2674 argumenta.

191 2687 324 2733 Tales
341 2688 539 2733 diversas
555 2706 736 2733 scaenas
752 2688 978 2746 nuptiales
993 2689 1118 2734 haud
1134 2690 1249 2734 inter
1266 2707 1312 2734 se
1331 2689 1620 2738 cohaerentes
1639 2706 1732 2733 non
1751 2705 1850 2732 raro
1867 2705 1960 2732 esse

191 2767 542 2816 repraesentatas
567 2761 807 2816 praecipue
831 2761 877 2804 in
903 2759 1156 2817 pyxidibus
1186 2768 1237 2804 ut
1269 2761 1394 2811 scias,
1424 2760 1610 2817 pyxidis
1636 2760 1895 2803 Eretriensis
1919 2766 1960 2802 te

193 2829 554 2875 commonefacio
578 2832 666 2875 iam
696 2838 1073 2875 commemoratae
1098 2831 1257 2885 (Arch.
1279 2831 1434 2888 Jahrb.
1467 2833 1515 2875 15
1540 2831 1629 2875 tab.
1654 2832 1716 2885 2).
1778 2829 1959 2873 Deinde

191 2902 353 2945 iterum
386 2900 443 2945 ad
467 2901 619 2946 futura
642 2919 726 2946 nos
751 2901 878 2946 ducit
901 2904 1034 2958 pyxis
1057 2903 1168 2958 ipsa,
1207 2903 1299 2948 sive
1331 2910 1545 2959 putamus
1575 2918 1789 2958 sponsam
1819 2900 1960 2944 futuri

191 2973 409 3028 temporis
440 2971 555 3017 velle
587 2972 819 3018 detrahere
847 2973 1052 3018 velamen
1084 2972 1280 3017 rotulam
1312 2973 1572 3018 volventem
1602 2974 1819 3029 magicam
1853 2973 1959 3021 sive,

312 3113 340 3157 ¹)
370 3113 586 3156 1‘wo612aam,
614 3113 785 3159 explicat,
812 3119 993 3156 γυναικεῖα
1023 3113 1194 3157 vuius-cmi.
