2154 3403
951 114 1003 155 33

215 269 401 326 Epaulia
440 275 545 312 sunt
583 267 850 311 feminarum
891 265 1127 310 sollemnia
1168 279 1282 321 quae
1324 265 1610 310 celebrabant
1659 268 1771 311 inter
1813 285 1857 312 se

95 342 276 397 ipsas¹);
300 355 535 397 nunquam
559 338 752 382 occurrit
768 338 847 381 vir.
893 335 966 380 Cf.
989 335 1100 380 Poll.
1123 337 1187 379 III
1208 337 1263 379 39
1287 337 1367 392 qui
1390 336 1526 380 tradit
1549 345 1653 393 post
1676 340 1858 394 nuptias

94 428 266 456 novum
300 411 507 454 maritum
541 409 586 452 in
620 424 878 452 socerorum
912 407 1123 450 transisse
1158 406 1406 461 domum2').

212 479 474 525 Nonnullas
507 479 642 523 huius
675 478 1081 535 transmigrationis
1114 479 1547 534 repraesentationes
1575 478 1631 523 de
1666 497 1858 536 quarum

93 569 226 597 sensu
270 552 331 596 ob
374 568 440 595 res
482 552 527 594 in
572 566 723 594 aversa
769 548 939 593 vasculi
985 556 1109 605 parte
1152 548 1353 605 depictas
1399 547 1522 593 haud
1570 558 1719 605 potest
1764 568 1857 595 esse

93 622 331 673 dubitatio,
366 629 596 666 enumerat
630 619 886 664 Brueckner
919 621 964 663 in
998 618 1102 663 adn.
1138 636 1179 676 p.
1219 620 1313 663 lll.

211 694 298 738 Vel
331 695 367 738 si
399 700 593 738 tacerent
625 691 774 735 fontes
808 690 1069 742 litterarum,
1110 691 1303 747 posteris
1345 690 1510 735 diebus
1550 693 1857 737 coniceremus

92 766 275 809 maritos
307 765 493 821 gratiam
526 762 748 807 rettulisse
782 761 852 806 dis
886 760 1171 818 nuptialibus
1204 762 1425 817 imprimis
1459 763 1686 817 Veneriss).

210 837 285 879 Ne
318 834 404 879 hoc
444 833 631 890 quidem
672 832 834 890 effugit
874 831 1161 877 vasculorum
1202 831 1405 876 artifices.
1472 832 1727 877 Brueckner
1761 833 1787 878 l.
1823 851 1856 878 c.

92 924 134 963 p.
180 908 259 950 115
302 919 397 962 sqq.
442 911 673 949 enumerat
719 904 914 947 maxime
963 904 1156 959 insignia
1207 902 1344 947 huius
1383 905 1572 959 generis,
1614 911 1857 960 postquam

91 985 218 1022 antea
258 975 344 1021 sub
383 975 521 1019 finem
562 974 830 1032 gamelionis
867 975 919 1018 'in
957 973 1244 1030 Aphrodites
1284 973 1508 1018 honorem
1546 974 1742 1019 Athenis
1782 975 1858 1019 de-

90 1048 356 1092 monstravit
388 1046 634 1091 celebratos
669 1063 763 1090 esse
797 1045 894 1090 dies
928 1044 1081 1089 festos

213 1192 240 1234 ¹)
267 1191 354 1235 Qua
381 1188 428 1225 de
454 1201 562 1224 causa
590 1187 794 1224 censebant
830 1190 898 1223 viri
935 1186 1038 1223 docti
1074 1190 1132 1233 agi
1169 1186 1214 1223 de
1251 1190 1393 1223 scaenis
1430 1186 1631 1223 cotidianis
1667 1191 1856 1232 gynaecei.

209 1251 238 1294 2)
265 1249 413 1282 ἀπαύλια
440 1247 478 1282 δὲ
503 1247 540 1280 ἒν
565 1247 585 1290 ἧ
613 1248 633 1279 ὁ
666 1248 816 1290 νυμφίος
851 1247 898 1283 εἰς
932 1251 991 1278 τοῦ
1030 1249 1208 1289 πενθεροῦ
1247 1246 1471 1281 ‹Lva'J'ss‘mm
1510 1246 1578 1279 ἀπὸ
1616 1251 1675 1290 τῆς
1714 1247 1856 1290 νύμφης

90 1308 151 1354 (cf.
180 1309 275 1344 Plut.
302 1310 384 1354 Lyc.
414 1308 456 1341 15
483 1310 548 1352 qui
568 1305 885 1343 Lacedaemonios
912 1305 972 1342 vel
999 1309 1218 1351 nuptiarum
1246 1305 1306 1342 die
1333 1305 1447 1342 tradit
1473 1305 1646 1351 epulatos
1673 1319 1750 1342 esse
1776 1310 1856 1342 sine

88 1368 256 1414 sponsa).
308 1368 366 1402 De
392 1365 630 1412 apauliorum
665 1368 738 1402 ritu
765 1378 888 1411 nuper
919 1368 1066 1411 scripsit
1100 1365 1294 1407 Deubner,
1329 1364 1472 1401 Archiv
1505 1364 1528 1401 f.
1564 1365 1855 1410 Religionswiss.

90 1428 178 1462 XVI
209 1426 298 1460 1913
325 1439 359 1471 p.
387 1425 452 1459 631
480 1438 533 1470 sq.

211 1487 238 1529 ³)
266 1485 339 1521 Vel
372 1484 418 1521 de
452 1488 574 1530 parvis
606 1484 797 1520 admoneo
832 1484 1021 1520 lebetibus
1054 1484 1101 1520 ad
1135 1483 1341 1521 Artemidis
1370 1486 1601 1520 Brauroniae
1634 1498 1777 1521 sacrum
1816 1488 1855 1520 in

90 1545 258 1590 acropoli
287 1544 522 1580 Athenarum
550 1547 714 1589 repertis.
