2154 3403
974 116 1088 179 ⁷¹7

171 269 224 314 cf.
260 270 436 314 Zenob.
470 272 599 315 Prov.
632 271 696 314 III
720 271 776 313 98
811 286 933 326 corp.
959 285 1156 325 paroem.
1183 269 1312 313 Gott.
1339 269 1355 311 I
1382 284 1424 323 p.
1449 268 1523 310 82:
1566 270 1761 323 Ἀθήνησι
1794 270 1870 321 γὰρ
1903 271 1944 309 ἐν

167 344 250 388 τοῖς
297 344 441 395 γάμοις
487 343 586 387 ἔθος
634 342 682 395 ἦν
729 342 948 394 (Ξιιιᾳιθαλῆ
994 341 1119 381 παῖδα
1169 341 1357 386 ἀκάνθας
1402 338 1501 392 μετὰ
1551 340 1726 392 ὃρινίνων
1769 345 1944 391 καρπῶν

170 414 389 466 στέφεσθαι
422 414 488 453 καὶ
517 414 652 454 λίκνον
674 414 810 465 ἄρτων
837 413 987 465 πλῆρες
1013 413 1281 464 περιφέροντα
1305 413 1430 464 λέγειν
1449 425 1456 432 ·
1478 413 1631 464 ἔφυγον
1653 413 1794 457 κακόν,
1824 411 1944 463 εὗρον

169 486 343 537 ἄμεινον.
408 483 573 541 (Quod
611 491 832 528 testantur
871 483 1004 526 etiam
1046 483 1156 525 Hes.
1201 490 1243 526 et
1283 481 1445 527 Suidas
1486 499 1517 525 s.
1558 500 1599 526 v.
1642 490 1683 526 et
1723 484 1790 526 Ps.
1827 481 1941 526 Plut.

171 556 301 600 Prov.
344 554 476 598 Alex.
511 572 553 611 p.
593 556 643 598 12
680 555 734 598 55
769 553 838 597 ed.
874 553 1208 609 Wyttenbach.
1250 553 1330 609 qui
1371 551 1648 597 verbotenus
1689 571 1942 611 congruens

169 624 256 669 hoc
305 625 439 670 offert
485 625 836 679 testimonium).
909 626 1016 681 Qua
1067 625 1337 668 caerimonia
1387 641 1464 667 cur
1503 623 1686 668 functus
1735 626 1791 669 sit
1832 642 1944 681 puer

170 696 433 752 parentibus
474 697 554 753 qui
593 695 825 753 gaudebat
874 695 1007 740 salvis
1049 694 1178 739 facile
1220 702 1285 739 est
1322 694 1572 739 intellectu:
1623 696 1835 739 nimirum
1875 714 1942 740 res

170 766 369 811 debebat
416 785 511 811 esse
561 767 697 811 fausti
747 767 912 811 ominis
961 767 1237 823 sponsisque
1277 765 1491 822 praebere
1540 767 1677 811 vitam
1719 766 1940 811 diurnam.

171 837 373 881 Eandem
416 838 659 882 formulam
703 855 804 882 cum
851 839 1136 882 inveniamus
1182 838 1227 881 in
1272 837 1495 893 mysteriis
1542 837 1808 891 (Demosth.
1853 856 1940 882 cor.

168 909 191 963 ξ
237 909 323 953 259
376 908 485 953 dicit
547 916 747 965 mystum
811 908 1170 953 consecrandum
1232 909 1459 952 initiatum
1523 909 1656 952 sacris
1717 926 1814 952 eam
1867 909 1942 953 de-

170 978 420 1034 clamasse),
455 980 527 1024 hic
563 981 634 1037 agi
663 979 719 1024 de
743 981 982 1025 veterrimo
1016 980 1279 1037 nuptiarum
1313 979 1400 1023 ritu
1425 986 1611 1035 apparet
1634 978 1706 1035 (cf.
1733 981 1940 1036 Ramsay‚

169 1049 383 1095 Sketches
407 1051 453 1095 in
476 1051 551 1095 the
576 1050 812 1108 Religious
836 1051 1120 1108 Antiquities
1147 1050 1202 1094 of
1219 1050 1331 1094 Asia
1351 1050 1524 1101 Minor,
1549 1050 1672 1094 Ann.
1698 1050 1752 1094 of
1769 1050 1844 1094 the
1870 1053 1940 1095 ΒΓ.

169 1120 337 1166 School
371 1129 414 1166 at
441 1121 620 1166 Athens
644 1124 805 1167 XVIII
831 1139 874 1179 p.
900 1123 954 1166 52
978 1122 1078 1179 sq.).
1128 1123 1343 1165 Vannum
1367 1122 1413 1165 in
1436 1122 1756 1177 mysteriorum
1786 1122 1870 1166 ritu
1896 1122 1941 1165 in

169 1209 254 1237 usu
278 1191 418 1237 fuisse
438 1193 660 1248 permulta
679 1200 899 1238 testantur
916 1193 1176 1238 testimonia
1196 1192 1442 1236 litterarum
1462 1199 1505 1236 et
1522 1200 1941 1244 monumentorum,

167 1264 212 1307 in
237 1263 409 1320 quibus
443 1272 509 1308 est
541 1281 637 1309 arca
673 1266 883 1309 cineraria
917 1265 1061 1308 musei
1095 1263 1225 1321 quod
1250 1262 1549 1307 Thermarum
1574 1271 1762 1308 vocatur
1795 1266 1861 1321 (J.
1891 1264 1946 1308 of

169 1334 289 1378 Hell.
318 1334 444 1379 Stud.
472 1337 627 1379 XXIII
653 1353 694 1392 p.
721 1337 843 1390 313).
893 1337 1088 1379 Vannus
1123 1343 1188 1379 est
1221 1335 1398 1379 Cereris
1433 1334 1696 1391 symbolum
1731 1343 1773 1379 et
1806 1336 1940 1391 signi:

167 1405 270 1450 ficat
294 1407 624 1463 purgationem.
668 1406 931 1451 Simillimus
956 1408 1093 1464 igitur
1111 1413 1177 1450 est
1199 1406 1270 1450 hic
1290 1423 1389 1450 mos
1410 1423 1603 1463 sponsae
1623 1405 1875 1451 lavationis.
1898 1432 1940 1437 —

167 1478 361 1521 Vannus
402 1478 509 1534 quia
549 1479 682 1522 etiam
721 1478 1026 1522 adhibebatur
1065 1477 1322 1533 symbolico
1356 1495 1505 1528 sensu,
1540 1494 1642 1522 cum
1675 1477 1942 1521 nascebatur

167 1549 342 1604 puer¹)‚
383 1547 583 1592 faustum
624 1549 813 1593 fortasse
859 1549 1176 1605 accipiendum
1223 1557 1289 1593 est
1334 1550 1596 1606 nuptiarum
1643 1566 1777 1593 omen
1824 1566 1939 1606 quae

166 1621 224 1660 ἐπ’
250 1621 388 1673 ἀρότῳ
416 1621 578 1661 παίδων
606 1622 783 1674 γνησίων
815 1621 950 1664 initae
985 1628 1121 1671 erant,
1158 1628 1206 1665 ut
1237 1620 1374 1665 tradit
1404 1622 1628 1665 Lucianus
1662 1621 1707 1664 in
1731 1621 1939 1664 Timonis

167 1707 261 1746 cap.
302 1691 365 1734 17.
431 1690 579 1747 Quod
619 1691 911 1735 confirmatur
950 1691 1096 1736 lebete
1130 1691 1323 1748 nuptiali
1349 1693 1394 1736 in
1429 1709 1524 1749 quo
1548 1709 1715 1736 novam
1750 1708 1939 1735 uxorem

166 1762 212 1805 in
253 1769 500 1818 conspectu
543 1763 687 1806 mariti
728 1761 939 1807 videmus
980 1780 1123 1820 puero
1163 1763 1479 1820 indulgentem
1519 1762 1711 1807 robusto
1753 1762 1829 1817 (cf.
1870 1764 1937 1806 ssr.

165 1831 255 1876 tab.
296 1834 311 1875 1
357 1841 399 1876 et
433 1833 755 1889 Heydemann,
797 1835 877 1879 Gr.
912 1833 1110 1878 Vasenb.
1151 1834 1241 1878 tab.
1280 1836 1368 1889 ll).
1436 1833 1578 1879 Haud
1617 1834 1805 1878 minoris
1844 1851 1939 1877 mo-

165 1904 303 1947 menti
332 1921 469 1960 quam
504 1903 672 1948 forma
706 1912 771 1948 est
803 1922 920 1962 quae
955 1907 1198 1950 continet
1230 1923 1419 1951 vannus.
1485 1906 1660 1950 Putorti
1695 1922 1797 1949 cum
1831 1904 1938 1948 dicit

166 1991 329 2031 panem
369 1976 513 2019 inesse
548 1974 828 2033 fructusque,
868 1975 955 2020 hoc
990 1994 1012 2021 e
1046 1978 1456 2033 repraesentatione
1495 1977 1592 2034 ipsa
1630 1975 1754 2020 haud
1791 1983 1939 2033 potest

166 2046 373 2102 perspici.
444 2046 548 2090 Alia
594 2047 713 2090 enim
754 2047 982 2092 eiusmodi
1020 2047 1201 2093 vascula
1236 2048 1332 2093 duo
1371 2047 1622 2092 ostendunt
1654 2047 1769 2091 illud
1804 2063 1939 2103 super

166 2134 366 2161 vannum
413 2118 615 2161 eminens
663 2116 725 2161 nil
775 2135 870 2162 esse
915 2119 1002 2163 nisi
1047 2136 1212 2163 ansam.
1293 2122 1400 2177 Qua
1447 2120 1493 2164 in
1540 2120 1807 2176 quaestione
1853 2135 1936 2162 nos

165 2187 352 2232 adiuvat
374 2205 550 2245 gemma
576 2187 862 2233 celeberrima
894 2191 1081 2245 (Furtw.
1106 2190 1196 2235 tab.
1223 2192 1331 2244 5711.
1358 2208 1398 2247 p.
1424 2192 1509 2235 260
1532 2190 1781 2235 voluminis
1805 2189 1935 2246 quod

164 2257 421 2302 tabularum
469 2260 669 2304 continet
716 2260 1041 2317 explicationes
1096 2260 1173 2316 (cf.
1210 2261 1636 2306 M'uller-Wieseler
1676 2263 1717 2305 II
1752 2278 1793 2304 n.
1827 2261 1936 2314 683)

165 2346 304 2386 quam
337 2347 373 2374 a.
414 2331 523 2374 1899
563 2347 584 2374 e
628 2331 976 2376 collectionibus
1020 2332 1149 2377 ducis
1192 2332 1531 2390 Marlborough
1574 2334 1748 2377 enormi
1790 2332 1935 2388 pretio

165 2401 406 2457 acquisivit
444 2418 652 2445 museum
688 2404 972 2447 Bostonense
1013 2403 1143 2461 quod
1184 2403 1349 2448 dicitur
1389 2404 1443 2448 of
1473 2405 1579 2448 Fine
1612 2404 1733 2448 Arts.
1799 2404 1934 2459 Opus

166 2471 296 2528 quod
336 2471 471 2516 offert
502 2473 689 2517 Amoris
729 2481 772 2518 et
805 2473 1001 2530 Psyches
1034 2492 1252 2532 pompam
1292 2475 1543 2532 nuptialem
1582 2475 1933 2519 controversiam

165 2543 309 2586 movit
348 2550 498 2586 utrum
532 2544 768 2601 inscriptio
804 2546 985 2599 Τρύφων
1023 2549 1145 2587 ἐποίει
1184 2548 1310 2591 iussu
1350 2546 1549 2591 hominis
1589 2547 1645 2591 sit
1683 2545 1837 2590 addita
1876 2544 1933 2588 ad

166 2613 294 2656 cuius
313 2612 602 2658 collectiones
627 2615 880 2671 pertinebat
903 2616 1084 2661 saeculo
1103 2619 1211 2661 XVI
1232 2625 1274 2662 et
1292 2619 1373 2675 qui
1391 2619 1458 2662 vir
1475 2617 1616 2662 malae
1640 2616 1748 2661 fidei
1768 2617 1932 2673 cuique

165 2690 302 2727 notus
337 2691 402 2728 est
434 2684 737 2743 archaeologo
761 2712 803 2717 —
829 2689 986 2732 Petrus
1020 2687 1094 2732 ille
1128 2697 1194 2733 est
1227 2690 1435 2745 Ligorius
1472 2715 1507 2717 *
1542 2705 1598 2732 an
1631 2704 1855 2745 gemmam
1888 2704 1932 2731 re

165 2770 266 2798 vera
304 2761 536 2799 teneamus
575 2755 697 2801 illius
736 2774 874 2814 quem
907 2758 1057 2803 Adaei
1097 2767 1422 2804 commemorat
1463 2761 1737 2816 epigramma
1770 2757 1930 2814 (Anth.

288 2942 311 2985 ¹)
340 2941 467 2978 Infans
494 2950 558 2979 aut
584 2945 854 2990 imponebatur
877 2960 1006 2982 vanno
1034 2950 1104 2993 ipsi
1126 2954 1190 2984 aut
1209 2954 1304 2984 certe
1326 2947 1558 2984 incunabula
1578 2951 1617 2983 in
1636 2950 1752 2982 vanni
1771 2945 1930 2982 formam

165 3000 499 3044 construebantur3
540 3002 583 3038 cf.
617 3003 734 3040 schol.
762 3004 809 3040 ad
843 3005 991 3042 Callim.
1032 3006 1161 3051 hymn.
1200 3009 1212 3042 I
1246 3008 1383 3043 48:41
1421 3007 1484 3050 γὰρ
1523 3008 1672 3043 xlsimo&
1712 3006 1747 3037 Τι’)
1785 3005 1931 3038 »vd-‘Mt'

164 3061 414 3102 κατεκοίμιζον
441 3060 479 3093 τὰ
505 3062 623 3104 βρέφη)
654 3062 706 3101 (τὰ
734 3063 797 3106 γὰρ
824 3064 941 3107 βρέφη
971 3065 1007 3097 τὸ
1032 3070 1175 3107 πρῶτον
1194 3067 1393 3109 γεωπῖψειά
1414 3066 1519 3102 addit
1536 3065 1736 3102 scholiasta
1756 3064 1803 3100 ad
1824 3066 1929 3099 Arati

165 3118 301 3154 Phaen⁴
330 3119 414 3162 268)
439 3119 589 3152 πλοῦτον
615 3121 673 3154 καὶ
701 3121 860 3164 καρποὺς
888 3123 1141 3167 σι’(ιγιίζόιυκιόι.
