2154 3403
1052 138 1103 181 15

195 301 362 347 καρπῴε
405 309 601 350 sponsus
641 291 797 336 dextra
840 291 996 336 leviter
1044 291 1162 347 capit
1210 306 1404 346 sponsae
1445 306 1628 332 manum
1669 288 1834 344 pudice
1878 287 1959 332 ob—

197 364 344 415 latam,
381 371 429 407 ut
462 365 592 420 quasi
626 380 753 407 suam
778 362 910 406 faciat
933 361 1197 418 symbolice.
1253 361 1349 418 Qui
1374 361 1485 404 ritus
1509 361 1589 403 etsi
1614 366 1679 403 est
1702 358 1956 402 simillimus

196 437 522 484 Romanorum,
557 433 681 478 haud
716 441 780 478 est
814 432 1148 489 comparandus
1188 449 1290 476 cum
1330 431 1589 475 dextrarum
1622 431 1854 473 iunctione
1889 430 1959 473 cui

195 507 262 551 vis
295 506 438 549 inerat
470 505 624 561 legalis
658 522 705 549 ac
740 504 946 548 forensis.

339 587 679 632 Deductionem
723 588 868 644 ipsam
907 587 1040 643 pyxis
1089 585 1274 643 praebet
1326 584 1433 629 olim
1480 583 1788 634 Atheniensis,
1841 599 1960 626 nunc

197 660 395 703 Parisina
424 675 562 716 quam
590 659 763 716 primus
790 657 963 714 publici
992 658 1101 702 iuris
1132 656 1236 701 fecit
1260 654 1548 711 Stackelberg
1577 654 1744 709 (Grab.
1769 653 1812 698 d.
1839 653 1960 697 Hell.

195 729 286 774 tab.
311 731 379 774 32.
416 731 574 774 Wien.
604 728 729 773 Vorl.
755 730 869 773 VIII
894 745 937 773 n.
962 729 1024 783 7).
1091 729 1295 785 Sponsus
1330 726 1457 771 ducit
1489 742 1704 782 sponsam
1738 723 1960 769 velamine

200 808 404 858 opertam
452 817 588 858 quam
643 800 849 857 sequitur
896 799 1054 844 ancilla
1098 816 1215 856 quae
1269 815 1416 855 usque
1464 797 1521 841 ad
1574 813 1734 840 manus
1786 802 1963 852 gestum

197 872 407 928 congruit
439 889 541 916 cum
578 870 666 915 illis
699 888 892 928 quarum
932 878 1060 915 antea
1093 870 1373 914 mentionem
1406 868 1608 913 fecimus.
1675 867 1825 911 Primo
1858 865 1962 909 loco

196 942 450 1000 ingreditur
498 943 647 986 Diana
697 958 834 999 quam
881 941 1066 986 vasculo
1116 941 1270 985 denuo
1317 939 1661 996 diligentissime
1707 937 1964 981 examinato

197 1031 300 1058 arcu
335 1031 429 1058 esse
463 1020 665 1058 ornatam
700 1012 1014 1070 compluribus
1048 1012 1205 1057 litteris
1238 1011 1293 1056 ad
1322 1014 1370 1055 R.
1397 1013 1679 1055 Foersterum
1703 1007 1819 1052 datis
1843 1014 1885 1051 et
1907 1006 1964 1051 ab

196 1084 284 1129 hoc
321 1085 516 1142 benigne
550 1101 726 1128 mecum
759 1085 1102 1128 communicatis
1145 1083 1382 1128 confirmat
1424 1084 1470 1126 E.
1512 1081 1693 1125 Pottier.
1769 1079 1965 1122 Dianam

197 1155 269 1200 vel
302 1155 410 1200 alibi
443 1172 634 1199 numero
668 1156 887 1199 contineri
922 1155 1114 1199 deorum
1148 1153 1423 1211 nuptialium
1447 1152 1641 1208 exposui
1661 1168 1703 1207 p.
1732 1151 1797 1194 12.
1848 1149 1966 1206 Qui-

198 1226 284 1271 bus
339 1226 409 1271 vel
455 1225 723 1283 Apollinem
772 1234 886 1283 puto
934 1225 1224 1270 inserendum
1275 1242 1370 1269 esse
1419 1225 1499 1281 qui
1553 1222 1666 1266 lauri
1720 1237 1845 1265 ramo
1898 1220 1964 1263 in-

198 1298 337 1354 signis
368 1298 608 1341 comitatur
636 1314 838 1341 sororem
872 1304 914 1341 et
946 1297 1017 1341 hic
1052 1314 1153 1341 cum
1188 1304 1315 1353 egeat
1347 1294 1527 1345 cithara,
1561 1292 1685 1337 haud
1721 1300 1770 1336 ut
1801 1292 1846 1335 in
1870 1307 1967 1335 vas-

199 1367 310 1412 culis
349 1367 507 1425 figuris
552 1369 691 1425 nigris
731 1369 899 1412 ornatis
946 1375 1096 1425 potest
1141 1367 1392 1423 significare
1443 1366 1636 1410 carmina
1683 1361 1902 1420 nuptialia
1919 1362 1965 1416 ¹).

316 1450 515 1496 Vascula
554 1450 711 1508 figuris
749 1451 888 1508 nigris
932 1458 1088 1495 ornata
1133 1467 1220 1494 una
1264 1457 1450 1506 excepta
1493 1446 1711 1504 amphora
1750 1447 1968 1501 Petropo-

197 1521 334 1566 litana
346 1523 382 1577 2)
407 1523 453 1566 in
477 1539 567 1580 qua
591 1539 613 1565 a
639 1522 795 1566 dextra
819 1523 1111 1579 introspicere
1140 1521 1243 1566 licet
1271 1522 1317 1565 in
1341 1520 1532 1565 domum
1557 1525 1784 1575 patentem
1808 1517 1853 1560 in
1877 1532 1967 1572 qua

198 1592 405 1638 ancillam
443 1592 653 1637 videmus
701 1592 864 1637 lectum
916 1601 1255 1650 praeparantem
1296 1617 1337 1622 —
1376 1591 1624 1636 vetustiora
1673 1588 1776 1632 dico
1825 1586 1967 1631 solam

198 1665 417 1722 praebent
439 1681 671 1721 pompam,
695 1681 891 1721 sponsos
916 1666 995 1721 qui
1020 1663 1262 1721 splendida
1285 1662 1563 1707 invehuntur
1587 1659 1808 1718 quadriga
1833 1658 1969 1702 comi-

198 1743 371 1793 tesque.
420 1735 727 1780 Vasculorum
762 1744 909 1780 autem
946 1735 1135 1780 artifices
1160 1735 1316 1792 figuris
1350 1733 1498 1778 rubris
1523 1738 1801 1780 ornatorum,
1837 1736 1885 1772 ut
1914 1745 1968 1772 ex

199 1806 286 1851 hoc
327 1814 456 1864 potes
502 1806 712 1864 colligere
759 1806 970 1863 exemplo
1011 1806 1271 1856 clarissimo,
1318 1806 1363 1849 in
1410 1803 1582 1848 deliciis
1630 1801 1829 1846 habuere
1874 1816 1970 1843 mo-

199 1885 402 1922 mentum
436 1895 532 1935 quo
566 1878 750 1923 advenit
773 1895 956 1935 pompa,
993 1879 1252 1934 praesertim
1287 1894 1388 1922 cum
1423 1876 1570 1932 agitur
1602 1873 1658 1918 de
1692 1871 1969 1916 deductione

200 1948 398 2006 pedibus
422 1947 549 1993 facta.
591 1950 756 2006 Sponsi
780 1967 882 1994 cum
901 1948 1093 1993 domum
1116 1948 1381 1998 adveniunt,
1406 1945 1684 1991 sollemniter
1707 1942 1968 1987 salutantur.

202 2021 386 2064 Domus
426 2019 598 2065 festivis
637 2028 852 2065 exornata
892 2027 957 2064 est
996 2021 1128 2064 ramis
1168 2020 1433 2076 (praecipue
1467 2016 1702 2073 myrtaceis
1743 2013 1796 2057 cf.
1837 2013 1968 2056 etiam

201 2090 370 2135 vasculi
409 2098 725 2136 ornamentum
769 2094 838 2136 Br.
882 2091 971 2136 tab.
1007 2093 1052 2135 V
1093 2092 1119 2135 2
1159 2098 1202 2135 et
1239 2089 1447 2146 hydriam
1487 2087 1577 2132 tab.
1615 2088 1667 2130 10
1706 2083 1969 2141 depictam).

203 2164 255 2206 In
293 2161 567 2219 lutrophoro
608 2162 888 2207 collectionis
924 2161 1178 2207 Sabouroff
1206 2161 1283 2215 (cf.
1319 2162 1341 2216 ἓ
1374 2161 1424 2216 6)
1465 2165 1671 2217 parentes
1711 2161 1972 2212 exspectant

202 2250 434 2290 pompam,
474 2241 598 2290 pater
636 2251 773 2278 senex
812 2235 998 2278 innixus
1036 2232 1202 2278 baculo
1242 2250 1338 2290 quo
1378 2230 1604 2276 indicatur
1641 2229 1737 2272 eius
1771 2233 1970 2283 potestas

203 2303 514 2360 domestica3)‚
539 2312 678 2349 mater
700 2304 818 2350 faces
847 2304 1058 2350 manibus
1082 2312 1253 2349 tenens.
1289 2305 1401 2348 Item
1430 2303 1477 2346 in
1499 2299 1671 2358 pyxide
1697 2296 1971 2344 Stackelber-

203 2471 366 2504 sponsos
393 2464 464 2494 stat
490 2464 525 2494 et
551 2459 672 2494 Amor
691 2461 756 2504 qui
782 2458 828 2494 ab
852 2460 996 2494 lasonis
1015 2464 1120 2504 tergo
1140 2464 1194 2494 est
1212 2460 1420 2503 appositus,
1440 2461 1529 2492 sunt
1547 2453 1803 2490 additamenta
1823 2449 1972 2487 artificis

205 2519 378 2554 Romani.
436 2518 540 2562 (Qua
576 2531 659 2553 cum
696 2521 1039 2563 repraesentatione
1073 2530 1266 2563 compares
1299 2516 1412 2552 velim
1447 2513 1636 2559 exemplar
1667 2513 1823 2548 Taurini
1859 2523 1972 2546 asser-

204 2582 333 2613 vatum
361 2576 474 2612 huius
509 2576 743 2612 simillimum
769 2597 802 2602 —
839 2577 935 2613 Rob.
968 2577 1043 2613 tab.
1080 2579 1146 2613 190
1172 2597 1205 2601 —
1238 2575 1345 2622 quod
1381 2574 1535 2621 praebet
1572 2575 1715 2609 Iasonis
1752 2573 1902 2616 nuptias
1938 2574 1973 2604 et

205 2637 379 2673 Creusae.
407 2634 554 2671 Artifex
574 2637 746 2672 Iasonem
765 2635 825 2672 hic
849 2636 936 2672 facit
955 2636 1225 2677 immolantem,
1246 2639 1400 2680 insuper
1418 2632 1567 2670 addidit
1581 2645 1738 2678 parvum
1754 2627 1972 2671 camillum).

327 2707 354 2751 ¹)
386 2706 618 2751 Bl(uemner)
651 2721 677 2743 s.
710 2721 743 2743 V.
777 2710 950 2740 Hoclzzez't
987 2707 1248 2751 (Baumeister)
1281 2712 1399 2742 totam
1432 2717 1602 2740 scaenam
1633 2706 1683 2738 ita
1710 2705 1973 2745 interpretatus

206 2772 260 2802 est
287 2772 328 2802 ut
345 2769 468 2802 virum
495 2765 543 2802 ad
562 2772 709 2811 portam
735 2772 893 2802 stantem
913 2780 1097 2812 sponsum
1125 2779 1201 2802 esse
1221 2768 1442 2811 opinaretur
1461 2766 1521 2799 cui
1540 2761 1772 2798 adducerent
1790 2762 1973 2804 virginem

204 2825 448 2868 πθθέθνῆῦῑρῑα
476 2831 511 2861 et
538 2826 784 2868 rvmpaymy‹5g.
835 2825 908 2861 Sed
936 2829 1098 2871 primum
1131 2824 1187 2861 illi
1214 2827 1320 2860 cuius
1353 2828 1430 2859 erat
1460 2824 1611 2867 nuptias
1638 2826 1746 2856 antea
1773 2817 1973 2854 conciliare

206 2884 313 2920 locus
339 2884 400 2920 hic
426 2897 507 2920 non
534 2889 597 2925 est,
625 2883 692 2920 ubi
718 2887 839 2930 agitur
866 2884 912 2920 de
940 2884 1189 2926 deductione;
1217 2883 1356 2919 deinde
1375 2885 1432 2918 vir
1450 2880 1629 2916 barbatus
1653 2878 1791 2914 baculo
1817 2879 1973 2921 insignis

207 2946 273 2989 qui
299 2946 379 2979 sine
406 2942 488 2979 ullo
515 2946 685 2989 graviore
711 2946 827 2979 animi
854 2949 960 2979 motu
988 2949 1175 2989 exspectat
1202 2955 1380 2988 pompam
1408 2943 1476 2976 erit
1501 2938 1693 2985 sponsus?

328 3015 356 3057 2)
386 3015 512 3059 Quam
540 3028 558 3050 e
586 3014 846 3059 designatione
874 3028 985 3060 quam
1021 3017 1053 3050 ei
1080 3016 1312 3059 comparavit
1340 3010 1571 3055 Kieseritzky
1598 3008 1742 3055 publici
1769 3010 1859 3043 iuris
1888 3005 1974 3042 fecit

209 3076 258 3111 H.
284 3074 465 3111 Thiersch
497 3077 537 3110 in
569 3073 668 3109 libro
702 3077 767 3119 qui
799 3074 1016 3109 inscribitur
1046 3072 1293 3119 Tyrrenische
1321 3069 1558 3115 Amphoren‚
1594 3070 1687 3113 Lips.
1720 3069 1807 3102 1899
1839 3065 1913 3101 tab.
1942 3066 1972 3100 5.

329 3146 354 3190 3)
381 3144 440 3182 Cf.
468 3146 580 3182 Arist.
609 3144 853 3181 Politicorum
875 3147 886 3180 I
907 3145 924 3190 ξ
948 3146 968 3180 7
994 3149 1087 3177 πᾶσα
1114 3144 1207 3176 οἶκιά
1232 3141 1508 3187 βασιλεύεται
1540 3139 1604 3173 ὕπὸ
1632 3143 1691 3171 τοῦ
1717 3136 1970 3182 πρεσβυτάτου,
