2154 3403
1033 597 1226 665 Vita.

369 727 520 769 Natus
553 743 652 769 sum
686 724 848 768 Alfred
885 723 1104 768 Nawrath
1139 723 1212 767 die
1245 725 1353 767 XXI
1388 725 1553 768 mensis
1595 724 1698 768 Iulii
1738 742 1773 769 a.
1820 726 1930 770 1890
1968 726 2014 770 in

248 808 349 852 vico
374 809 624 852 Posnaniae
650 808 907 864 provinciae
937 807 1009 850 cui
1032 823 1200 850 nomen
1224 813 1290 850 est
1314 808 1460 863 Karge
1483 814 1607 863 patre
1631 805 1840 858 Alberto,
1873 815 2012 852 matre

249 891 405 934 Emma
431 890 599 947 quibus
623 889 943 946 superstitibus
966 888 1162 945 gaudeO.
1210 887 1335 933 Fidei
1358 888 1569 933 addictus
1593 906 1693 933 sum
1717 888 2013 946 evangelicae.

249 974 331 1016 Per
352 989 519 1017 novem
543 989 686 1016 annos
712 972 955 1029 Lignitziae
982 970 1264 1028 frequentavi
1288 972 1576 1028 gymnasium
1601 971 1839 1016 urbanum.
1893 974 2014 1016 Vere

247 1072 283 1099 a.
318 1054 360 1099 h.
396 1072 427 1099 s.
463 1056 527 1099 IX
561 1056 897 1099 universitatem
930 1055 1070 1111 petivi
1106 1053 1519 1105 Vratislaviensem,
1556 1061 1604 1098 ut
1637 1054 1800 1099 studiis
1833 1071 1903 1099 me
1937 1053 2013 1099 de-

248 1136 399 1181 derem
424 1137 716 1194 philologieis
740 1136 964 1181 historicis
994 1136 1366 1193 archaeologicis;
1401 1143 1549 1180 totum
1582 1135 1673 1180 fere
1706 1153 1875 1180 annum
1903 1138 2012 1181 1912

246 1220 292 1264 in
317 1220 508 1265 Graecia
532 1227 839 1264 commoratus
863 1236 962 1263 sum
989 1226 1031 1263 et
1055 1218 1194 1263 Italia.
1261 1219 1325 1262 Hi
1355 1235 1425 1262 me
1455 1218 1652 1263 docuere
1675 1220 1734 1263 V.
1759 1220 1818 1263 V,
1846 1220 1904 1263 D.
1931 1220 2010 1263 D.:

247 1304 585 1360 Baumgartner,
621 1302 879 1353 Cichorius,
914 1301 1067 1352 Cohn,
1103 1303 1318 1352 Foerster‚
1354 1300 1505 1352 Frech,
1539 1299 1733 1352 Gercke,
1768 1300 2011 1353 Kautzsch,

248 1385 426 1437 Patzak,
452 1384 595 1436 Pillet,
617 1386 884 1435 Praetorius,
906 1383 1180 1435 Riesenfeld,
1202 1383 1376 1435 Scheer,
1397 1382 1628 1435 Schrader,
1649 1384 1821 1440 Seeger‚
1843 1384 2010 1440 Supan,

247 1467 440 1513 Skutsch
474 1469 521 1522 †,
557 1469 698 1518 Stern,
732 1466 923 1523 Ziegler.
990 1467 1238 1512 Seminario
1272 1465 1557 1523 philologico
1591 1473 1633 1510 et
1665 1465 2010 1523 archaeologico

247 1565 326 1608 per
358 1552 439 1595 tria
472 1551 698 1595 semestria
732 1549 915 1594 interfui
949 1549 1119 1594 sodalis
1153 1548 1409 1593 ordinarius
1442 1547 1617 1593 aditum
1650 1547 1759 1592 mihi
1795 1547 2011 1605 praeben-

243 1633 367 1678 tibus
402 1635 649 1684 Foerstem,
685 1631 900 1683 Gerckio,
937 1631 1193 1676 Skutschio.
1248 1633 1482 1676 Foerstero
1505 1632 1668 1688 gratias
1698 1630 1847 1675 debeo
1871 1648 2009 1687 quam

243 1717 461 1761 maximas
495 1714 623 1772 quod
657 1713 861 1759 custodis
894 1715 1038 1759 musei
1071 1713 1399 1771 archaeologici
1433 1730 1600 1758 munus
1633 1713 1828 1770 benigne
1858 1712 1914 1757 ad
1938 1730 2009 1758 me

244 1798 408 1843 detulit
439 1812 602 1855 meque
635 1799 680 1842 in
714 1797 794 1842 hac
830 1796 1104 1854 perficienda
1128 1797 1508 1841 commentatione
1532 1795 1657 1840 haud
1681 1795 1816 1841 desiit
1841 1797 2007 1841 iuvare.
