2154 3403
1087 84 1144 128 30

231 233 395 276 mirum
419 240 484 277 est
506 233 639 277 altera
663 233 807 279 forma
826 236 950 280 vocis
969 237 1161 281 notioris
1179 238 1403 292 ἒπαύλιαῑ),
1421 240 1590 280 ἒπαύλια
1606 247 1649 284 et
1666 241 1995 296 ἄνακαλυπτήρια

233 302 353 347 idem
387 320 481 347 esse
515 303 722 355 efficitur,
758 305 885 360 quod
909 315 1149 362 negaverat
1172 308 1570 353 Deubner.-Dona
1604 309 1813 355 solebant
1844 311 1997 356 offerri

234 373 306 417 die
340 375 418 430 qui
452 375 655 431 sequitur
688 377 884 432 nuptias,
919 378 1011 422 sive
1045 378 1392 435 appellabantur
1425 396 1479 423 ex
1518 396 1573 424 eo
1606 381 1700 425 sive
1733 382 1795 426 eis
1827 399 1997 427 nomen

232 444 462 489 tribuebat
513 462 680 501 sponsa
732 454 828 490 tum
883 449 1079 504 primum
1132 448 1272 505 vulgo
1326 467 1421 494 sese
1480 449 1677 495 offerens
1731 451 1996 500 develatam.

235 514 496 570 Hesychius
529 517 697 557 ἕπαύλια
731 516 841 561 dicit
872 519 942 572 τὴν
965 520 1195 572 (δευτέραν
1216 525 1298 561 τῶν
1321 522 1468 574 γάμων
1489 523 1657 574 ἡμέραν.
1711 524 1846 579 Quae
1868 523 1997 568 facile

234 584 500 629 dissolvitur
533 585 791 639 difficultas,
835 589 870 632 si
910 590 1246 634 meminerimus
1296 604 1524 647 quemque
1572 592 1714 637 civem
1761 592 1998 638 sollemnia

234 655 453 711 nuptialia
488 656 733 702 celebrasse
767 659 1019 703 secundum
1053 677 1155 704 suas
1190 678 1320 717 opes;
1355 661 1480 706 haud
1513 679 1612 707 raro
1653 663 1725 709 vel
1762 665 1809 708 in
1847 665 1997 709 minus

234 726 323 770 sint
369 726 504 771 relata
557 730 774 785 temporis
829 731 1038 787 spatium.
1120 731 1380 776 Secundum
1430 749 1603 777 morem
1656 735 1998 779 usitatissimum

233 806 320 840 tres
354 797 771 854 complectebantur
804 800 913 845 dies.
978 802 1133 845 Tertio
1168 801 1241 845 die
1275 801 1346 846 vel
1380 804 1537 848 Iovem
1570 820 1764 860 sponsae
1788 804 1997 850 videmus

235 866 481 912 donantem
531 874 666 923 φᾶρος
712 874 817 924 μέγα
868 889 907 912 τε
958 873 1026 912 καὶ
1077 874 1441 914 καλόι’···ταῢτά
1495 891 1618 927 φασιν
1669 876 1999 930 ἀνακαλυπτήρια

234 943 399 991 πρῶτον
431 941 626 992 γενέσθαι.
689 943 734 982 ἔκ
766 944 908 983 τούτου
933 944 975 983 δὲ
998 944 1021 983 ὁ
1044 944 1172 996 ’νόμος
1194 945 1348 996 ἐγένετο
1370 946 1438 984 καὶ
1466 946 1593 986 θεοῖσι
1619 947 1687 986 καὶ
1709 947 1999 999 ἀνθρώποισιν.

237 1008 505 1066 (Pherecyd.
558 1012 754 1056 Pentem.
805 1012 874 1057 ed.
924 1012 1069 1064 Diels,
1117 1014 1158 1058 S.
1203 1015 1251 1058 B.
1302 1013 1345 1058 d.
1398 1013 1511 1059 Berl.
1560 1015 1711 1060 Akad.
1761 1016 1804 1061 d.
1853 1017 1998 1061 Wiss.

236 1078 471 1136 phil.-hist.
508 1080 578 1125 Kl.
617 1083 726 1127 1897
770 1100 812 1139 p.
857 1085 938 1127 144
977 1097 1088 1140 sqq„
1129 1085 1273 1141 Frgm.
1309 1084 1352 1129 d.
1387 1085 1656 1131 Vorsokrat.
1695 1104 1738 1144 p.
1773 1089 1872 1138 508,
1909 1087 1998 1142 ll).

237 1149 321 1194 Vel
353 1150 462 1195 alibi
494 1152 540 1195 in
573 1169 763 1197 numero
798 1153 1068 1198 donantium
1103 1157 1296 1200 occurrit
1333 1173 1544 1213 sponsus.
1615 1159 1693 1201 Est
1730 1158 1867 1215 igitur
1905 1157 2001 1202 sola

237 1238 404 1279 sponsa
439 1223 510 1266 cui
533 1222 677 1268 ferant
700 1224 835 1276 dona,
861 1224 987 1281 quod
1012 1225 1082 1270 vel
1106 1225 1316 1283 colligere
1340 1234 1470 1284 potes
1494 1245 1516 1272 e
1541 1227 1771 1272 donorum
1795 1229 2000 1286 genere2)

238 1307 351 1349 quae
386 1292 638 1337 secundum
678 1295 965 1339 Eustathium
999 1295 1025 1340 l.
1061 1313 1094 1340 c.
1136 1299 1178 1338 ἕν
1216 1300 1389 1352 σχήματι
1425 1304 1595 1353 πομπῆς
1634 1297 2000 1354 offerebantur3).

239 1363 459 1408 Maritum
491 1364 536 1407 in
570 1363 639 1409 his
674 1366 1163 1422 repraesentationibus
1197 1367 1353 1413 deesse
1388 1386 1537 1426 neque
1577 1386 1666 1413 una
1706 1386 1808 1414 cum
1847 1371 2002 1414 ceteris

238 1437 284 1479 in
317 1432 525 1478 sollemni
561 1452 729 1493 pompa
763 1436 884 1481 dona
918 1437 1075 1482 afferre
1109 1440 1336 1483 neminem
1369 1439 1626 1484 offenderit.

357 1517 490 1573 Quae
524 1530 694 1570 pompa
722 1513 994 1570 compluries
1034 1522 1100 1559 est
1137 1523 1465 1571 repraesentata
1503 1517 1550 1561 in
1589 1516 1782 1561 vasculis
1821 1516 2003 1562 donatis

238 1586 348 1642 ipsis
382 1600 496 1643 quae
521 1610 562 1615 -
594 1602 647 1628 ex
682 1585 743 1628 eis
778 1598 892 1641 quae
926 1586 1120 1642 exposui
1153 1585 1278 1631 haud
1311 1588 1473 1631 mirum
1510 1613 1552 1618 -
1586 1588 1738 1632 omnia
1771 1587 1862 1633 fere
1896 1596 2002 1634 sunt

239 1656 418 1701 vascula
452 1655 621 1713 quibus
654 1654 898 1700 utebantur
930 1656 976 1699 in
1009 1657 1417 1713 gynaeconitide4).

359 1734 403 1778 Si
436 1732 706 1790 exemplaria
739 1732 853 1777 male
887 1741 1056 1777 servata
1091 1750 1112 1777 e
1147 1734 1315 1790 quibus
1355 1736 1430 1780 vix
1470 1734 1571 1780 licet
1609 1735 1784 1792 aliquid
1823 1735 2004 1781 conclu-

240 1804 344 1849 dere
377 1804 643 1855 omittimus,
677 1804 824 1859 primo
858 1803 960 1848 loco
994 1805 1422 1850 commemorandus
1455 1814 1521 1851 est
1542 1807 1687 1851 musei
1709 1806 2004 1851 Atheniensis

362 1946 389 1990 ¹)
417 1945 526 1989 Quae
546 1958 622 1980 vox
648 1944 750 1990 apud
771 1944 961 1980 Pollucem
982 1947 1032 1981 III
1052 1945 1098 1979 39
1125 1946 1333 1992 explicatur
1365 1947 1385 1990 ἡ
1404 1946 1491 1989 μετὰ
1510 1952 1580 1980 τῶν
1598 1947 1720 1990 γάμων
1739 1947 1863 1991 ἡμέρα,
1891 1961 2003 1994 quam

240 2004 530 2051 explicationem
549 2006 589 2039 in
608 2003 897 2048 etymologicam
916 2010 1057 2049 partem
1077 2005 1280 2050 amplificat
1299 2007 1499 2042 Pausanias
1514 2006 1802 2052 lexicographus
1821 2010 1886 2052 qui
1901 2006 2004 2052 apud

242 2063 477 2100 Eustathium
504 2061 550 2098 ad
579 2062 683 2098 Iliad.
714 2064 745 2095 ί.)
772 2062 815 2095 25»
843 2076 922 2098 eam
950 2063 1154 2099 derivatam
1182 2077 1259 2100 esse
1291 2064 1404 2100 tradit
1430 2079 1449 2100 a
1475 2065 1594 2101 verbo
1620 2065 1868 2104 ἐπανλίζεσθαι
1886 2078 1891 2083 ·
1908 2067 1943 2099 Οἱ
1967 2065 2005 2099 ὁὲ

240 2123 299 2156 καὶ
338 2122 377 2155 τὰ
411 2122 577 2163 διδόμενα
621 2122 719 2163 (δῶρα
766 2126 802 2164 τῇ
846 2122 964 2164 νύμφῃ
1004 2123 1171 2155 καλοῦσιν
1203 2123 1358 2156 §nal-xlm.
1412 2125 1526 2160 Dona
1564 2127 1678 2169 igitur
1715 2124 2006 2170 appellabantur

241 2195 259 2217 e
287 2181 348 2217 die
375 2194 453 2226 quo
481 2179 735 2216 donabantur.

361 2241 390 2284 2)
418 2241 461 2275 In
488 2239 560 2275 hoc
587 2245 767 2275 contextu
795 2239 840 2275 de
869 2243 919 2275 eis
946 2239 1137 2276 admoneo
1164 2241 1325 2277 vasculis
1352 2255 1447 2287 quae
1477 2242 1582 2278 velut
1608 2245 1716 2288 pyxis
1743 2256 1836 2279 mus.
1863 2242 2004 2279 Athen.

241 2314 277 2336 n.
306 2299 397 2333 1554
423 2298 807 2344 (Collignon-Couve
837 2299 942 2343 1550)
968 2301 1268 2342 ηιοσιηόρεύουσι
1297 2314 1436 2337 novam
1464 2308 1634 2346 nuptam,
1661 2305 1683 2338 i.
1703 2315 1733 2338 e.
1758 2301 2006 2338 cohortantur

243 2364 283 2394 ut
308 2358 411 2394 illam
437 2364 597 2393 sectetur
623 2364 775 2393 matrem
803 2356 961 2393 familias

667 2443 1269 2450 ..................
1299 2419 1317 2461 ἡ
1346 2418 1385 2451 ὸὲ
1409 2419 1576 2462 μελίσσης

666 2476 852 2518 οἰκονόμως
880 2475 904 2508 τ’
934 2476 1049 2519 ἀγαθὴ
1077 2477 1135 2509 καὶ
1162 2477 1336 2510 ἐπίσταται,
1363 2478 1571 2521 ἐργάζεσθαι

243 2541 285 2571 ut
311 2533 528 2580 Phocylidis
546 2554 580 2559 —
605 2533 710 2580 frgm.
737 2535 759 2568 3
776 2554 809 2558 —
828 2534 952 2570 verbis
978 2541 1059 2570 utar
1079 2536 1320 2579 (Brueckner,
1341 2536 1615 2582 Lebensregeln
1634 2536 1854 2574 aquthen.
1874 2537 2006 2573 Hoch-

243 2593 572 2639 zeitsgeschenken
599 2595 655 2629 62.
683 2592 978 2638 Winck.-Progr.
1008 2594 1102 2629 Berl.
1130 2595 1201 2639 07).

364 2654 497 2696 3).-1αῑ;
531 2652 594 2695 γὰρ
630 2652 742 2695 ἡγεῖτο
774 2652 918 2694 χλανίδα
951 2652 1082 2694 erxlst'
1116 2653 1208 2696 ἔχων
1244 2654 1302 2686 καί
1338 2654 1502 2696 inflamma
1537 2654 1740 2698 καιομένην,
1776 2655 1892 2688 ἔπειτα
1925 2661 2006 2692 παῖς

244 2712 341 2753 ,ε’-τέρα
368 2713 588 2754 κανηφόρος,
621 2711 691 2744 εἶτα
724 2711 838 2743 λοιπαί
875 2711 1045 2753 Ἰέι-ιοι-σαι
1082 2712 1266 2749 λεκανίδας
1300 2714 1409 2758 (quae
1446 2713 1521 2749 alio
1557 2713 1642 2749 loco
1679 2716 1788 2749 etiam
1823 2719 2008 2750 vocantur

244 2772 409 2807 κοπίδες)
437 2771 620 2813 quest-luunt
648 2784 665 2813 q
679 2776 775 2812 ορκῖα
803 2770 924 2806 κτένας
952 2771 1070 2803 κοίτας
1105 2769 1165 2814 (cf,
1197 2773 1283 2806 Hes.
1311 2785 1336 2807 S.
1366 2786 1398 2807 v,
1435 2772 1603 2815 zeqdstsm
1633 2772 1865 2818 londo-Semta*
1891 2773 1928 2805 ἐν
1953 2772 2006 2809 αἷς

245 2830 477 2871 (ἶμνιηΊρικ-Πα
505 2830 539 2872 i‘rs
553 2843 634 2871 ‹vr-mr
661 2835 730 2865 τοῖς
760 2830 953 2871 ι’(ι-ωῑίὶμυις)
981 2829 1221 2872 ἁλαρἰὶσῑρωι·;
1250 2831 1414 2863 σανὸαλια
1445 2831 1559 2873 θήκας
1584 2831 1680 2873 μύρα
1706 2832 1813 2873 νίτρα.

365 2891 392 2931 ⁴)
422 2887 480 2923 Cf.
509 2891 617 2923 etiarn
645 2894 821 2923 crateram
849 2887 949 2923 illam
978 2887 1231 2923 Florentinam
1260 2902 1355 2934 quae
1387 2892 1523 2934 cuique
1557 2896 1648 2926 nota
1675 2895 1728 2926 est
1753 2889 1824 2925 sub
1851 2893 2007 2926 nomine

245 2948 586 2991 ‚,Francois-Vase“
614 2948 729 2991 (F.-R.
757 2946 830 2982 tab.
857 2947 941 2990 3274).
994 2946 1209 2982 Secundum
1236 2951 1333 2983 vitae
1361 2952 1573 2984 communis
1605 2955 1737 2995 typum
1770 2948 1881 2985 refert
1915 2948 2008 2985 deos

245 3004 396 3040 Thetidi
436 3019 557 3041 novae
598 3012 737 3051 nuptae
776 3005 878 3041 dona
912 3004 1082 3041 ferentes.
1140 3005 1286 3042 Artifex
1325 3010 1430 3052 quasi
1471 3010 1700 3043 matrimonii
1738 3006 1841 3043 bona
1879 3010 2008 3043 omina

247 3065 399 3099 Vestam
428 3065 679 3110 Cereremque
706 3064 814 3110 fingit
840 3063 1114 3100 antecedentes.
1312 3060 1315 3064 ”
