2154 3403
931 103 1211 167 -—21—

306 256 329 311 ἕ
362 257 402 300 8.
452 257 607 300 Finem
641 255 774 300 faciat
803 256 935 312 pyxis
970 257 1113 300 musei
1149 257 1392 300 Britannici
1427 256 1679 313 (publicata
1703 275 1724 301 a
1750 259 1954 313 Murray,

188 326 351 371 White
385 325 618 370 Athenian
651 343 778 371 vases
811 326 901 370 tab.
925 327 994 377 20,
1028 327 1216 383 repetita
1251 328 1322 370 ssr.
1358 335 1399 371 et
1423 327 1581 372 Guide
1614 335 1661 372 to
1695 328 1770 372 the
1804 329 1955 372 exhib.

188 396 346 442 illustr.
382 398 464 442 Gr.
499 396 589 441 and
624 399 754 442 Rom.
792 396 900 448 Life,
935 396 1287 454 descriptionem
1321 397 1506 454 praebet
1539 397 1666 442 Cecil
1702 400 1762 443 H.
1799 399 1956 450 Smith,

191 469 291 513 Cat.
326 467 380 513 of
407 467 482 512 the
518 469 598 513 Gr.
634 469 723 512 and
758 470 846 512 Etr.
882 485 1008 513 vases
1043 470 1109 512 III
1141 470 1224 512 393
1259 469 1305 512 D
1334 470 1380 512 ll
1420 476 1462 512 et
1496 468 1752 513 Brueckner
1785 469 1811 513 l.
1844 488 1877 514 c.
1912 471 1957 513 in

190 540 338 596 primo
373 540 768 584 commentationis
801 540 982 596 capite).
1039 541 1244 596 Sponsus
1268 540 1488 596 virginem
1513 557 1649 584 manu
1673 540 1958 597 prehendens

191 609 249 654 ad
273 609 439 654 domus
464 609 590 654 ducit
612 627 745 662 aram,
770 611 841 655 cui
865 610 1012 655 adstat
1028 612 1171 654 Vesta
1194 618 1420 666 sceptrum
1443 618 1600 655 tenens
1624 619 1666 655 et
1688 611 1824 655 ficum
1849 637 1891 642 —
1916 629 1959 655 re

191 698 294 726 vera
317 680 455 724 ficum
489 698 583 725 esse
616 680 808 726 illustrat
833 681 978 738 figura
1012 698 1151 738 quam
1176 681 1432 725 Brueckner
1465 681 1491 726 l.
1518 699 1550 725 c.
1586 699 1628 738 p.
1653 683 1707 726 83
1741 683 1895 726 inserit
1918 708 1958 713 —-

193 768 310 809 quae
344 752 475 809 quasi
508 760 810 808 repraesentat
841 752 1234 808 καταχύσματαῑ)
1268 753 1408 810 (quae
1443 752 1712 797 constabant
1744 770 1765 797 e
1792 752 1959 798 talibus

193 821 342 873 rebus,
376 821 430 866 cf.
465 821 756 880 Theopomp.
791 825 837 867 in
871 823 1011 868 schol.
1047 823 1105 867 ad
1139 823 1276 867 Arist.
1313 823 1428 867 Plut.
1464 824 1568 868 768:
1609 826 1809 877 σύγκειται
1842 826 1884 866 δὲ
1916 826 1961 865 τὰ

193 895 484 946 καταχύσματα
529 895 610 935 ἀπὸ
650 897 850 948 φοινίκων
892 896 1109 949 κολλύβων
1145 896 1385 947 τρωγαλίων
1431 896 1613 948 ἷσχάὸων
1656 897 1724 936 καὶ
1764 898 1963 949 καρύων).

194 964 424 1020 Congruit
446 964 584 1021 igitur
605 964 676 1009 hic
700 983 799 1009 mos
824 983 926 1010 cum
961 965 1114 1010 altero.
1158 965 1299 1010 Solon
1323 966 1441 1009 enim
1466 982 1670 1022 sponsas,
1696 967 1962 1023 priusquam

194 1036 240 1079 in
259 1033 508 1079 thalamum
529 1037 777 1093 reciperent
792 1053 1028 1094 sponsum,
1047 1038 1237 1080 iusserat
1255 1036 1491 1080 comedere
1507 1036 1676 1080 malum
1695 1037 1965 1093 Cydonium

196 1104 326 1163 quod
367 1105 584 1151 omnibus
622 1107 908 1165 temporibus
952 1116 994 1152 et
1032 1107 1157 1164 apud
1197 1124 1355 1151 omnes
1393 1114 1548 1164 gentes
1598 1118 1689 1152 erat
1726 1107 1965 1153 fertilitatis

196 1175 460 1232 symbolum
494 1177 571 1232 (cf.
608 1178 724 1223 Plut.
759 1196 902 1236 praec.
938 1181 1119 1236 coniug.
1155 1196 1189 1223 c.
1228 1180 1244 1222 1
1282 1196 1325 1235 p.
1365 1179 1445 1223 138
1474 1180 1540 1223 D:
1575 1181 1597 1220 ὁ
1629 1180 1780 1220 Σόλων
1812 1181 1968 1221 ἐκέλευε

195 1249 265 1302 τὴν
300 1249 466 1301 νύμφην
486 1256 545 1302 τῷ
569 1267 669 1304 νυμι]
684 1252 733 1304 ίῳ
755 1252 1141 1304 συγκατακλιί·εσθαι
1162 1251 1296 1304 μήλου
1319 1251 1540 1291 Κυδωνίαν]
1568 1255 1901 1304 κατατραγοῦσαν
1925 1276 1967 1281 —

197 1320 478 1372 αἰνιττόμενος,
513 1330 562 1366 ut
585 1323 731 1380 pergit
755 1339 888 1366 usum
911 1322 957 1365 in
980 1321 1225 1366 ridiculum
1250 1320 1443 1365 modum
1468 1320 1712 1378 explicans,
1747 1323 1806 1368 ὡς
1828 1324 1968 1368 ἔοικεν,

197 1401 255 1442 ὅτι
294 1400 355 1439 δεῖ
387 1402 458 1454 τὴν
491 1398 572 1439 ἀπὸ
612 1397 810 1449 στόματος
847 1394 915 1434 καὶ
953 1410 973 1441 q
989 1399 1100 1447 ωνῆς
1131 1395 1249 1447 χάριν
1281 1395 1535 1446 εὐάρμοστον
1573 1394 1669 1433 εἶναι
1706 1398 1871 1446 πρῶτον
1902 1394 1970 1434 καὶ

197 1473 400 1527 ἡδεῖανῗ).

319 1543 523 1600 Sponsos
557 1537 831 1583 antecedunt
854 1553 966 1593 puer
988 1535 1112 1580 tibiis
1146 1552 1309 1579 canens
1332 1535 1523 1592 geminis
1558 1542 1599 1579 et
1629 1533 1746 1578 duae
1778 1534 1970 1579 feminae

199 1614 318 1659 faces
365 1618 590 1668 gestantes
637 1610 898 1664 circumque
937 1606 1094 1651 focum
1134 1607 1423 1661 currentes²³).
1490 1607 1567 1649 Est
1614 1606 1751 1662 igitur
1799 1623 1971 1663 reprae-

200 1693 370 1730 sentata
410 1680 693 1728 decursionis
734 1678 1019 1723 caerimonia.
1085 1679 1240 1734 Quem
1280 1677 1490 1721 habuerit
1529 1694 1712 1721 sensum
1746 1676 1873 1721 facile
1907 1684 1973 1721 est

200 1755 444 1806 intellectu,
478 1754 515 1798 si
547 1768 768 1796 memores
802 1766 960 1794 sumus
993 1749 1118 1806 apud
1144 1749 1347 1794 Graecos
1377 1765 1549 1792 morem
1581 1747 1721 1792 fuisse
1754 1747 1971 1792 infantem

201 1843 353 1871 recens
392 1832 550 1869 natum
590 1824 757 1867 circum
797 1821 952 1866 focum
992 1821 1161 1877 portari
1201 1820 1428 1876 raptim4),
1464 1826 1513 1863 ut
1546 1818 1713 1863 domus
1748 1835 1974 1863 commen-

203 1897 362 1942 darent
394 1894 662 1940 numinibus
686 1894 1027 1949 reciperentque
1052 1890 1342 1935 sollemniter.
1393 1890 1562 1935 Cuncti
1590 1891 1671 1947 qui
1705 1897 1975 1934 censuerunt

202 1968 282 2013 illo
305 1984 430 2012 more
455 1983 563 2010 usos
587 1982 681 2009 esse
702 1965 919 2015 Graecos,
943 1961 1142 2019 pedibus
1163 1970 1211 2006 ut
1234 1978 1385 2005 recens
1404 1968 1536 2005 natus
1555 1960 1681 2005 fieret
1704 1959 1973 2011 celerrimus,

204 2038 335 2097 quod
357 2038 452 2096 igni
476 2044 591 2081 esset
612 2034 875 2080 lustrandus
910 2041 1005 2085 etc.‚
1041 2033 1227 2078 Sarnteri
1250 2032 1503 2076 refutantur
1527 2031 1828 2088 explicatione
1852 2047 1975 2087 saga-

204 2110 394 2155 cissima.
443 2106 800 2164 Amphidromia
834 2105 1105 2162 receptionis
1140 2121 1233 2148 esse
1268 2104 1562 2148 caerimonias
1595 2110 1781 2159 apparet
1813 2119 1835 2146 e
1866 2101 1974 2145 Plat.

204 2180 545 2237 Theaet.p.160
564 2180 613 2229 E,
638 2176 718 2222 ubi
739 2178 942 2222 Socrates
966 2175 1023 2220 de
1041 2174 1213 2220 infante
1232 2173 1466 2218 Theaeteti
1491 2191 1513 2218 e
1538 2172 1721 2218 cerebro
1746 2180 1867 2224 nato,
1892 2173 1918 2216 i.
1939 2189 1974 2216 e.

206 2252 263 2296 de
287 2250 562 2308 cognitionis
587 2248 869 2299 definitione,
901 2264 1040 2305 quam
1062 2248 1158 2303 ipse
1182 2245 1436 2290 obstetricis
1460 2262 1644 2289 munere
1667 2243 1850 2288 functus
1874 2259 1976 2300 pro-

205 2323 340 2368 traxit
371 2320 429 2366 acl
462 2320 623 2372 lucem,
657 2318 765 2364 haec
807 2317 913 2363 facit
951 2317 1107 2363 verba:
1147 2318 1246 2371 μετὰ
1287 2318 1330 2358 δὲ
1368 2317 1437 2357 τὸν
1475 2317 1596 2357 τόκον
1632 2317 1678 2357 τὰ
1718 2316 1975 2369 ἀμφιὸρόμια

329 2464 356 2508 ¹)
383 2462 507 2499 Schol.
528 2460 725 2506 Aristoph,
746 2460 840 2496 Plut,
860 2462 945 2496 768:
972 2464 1042 2492 τῶν
1068 2458 1132 2503 γὰρ
1162 2458 1349 2501 ιἐιιυνῇττυν
1370 2458 1508 2491 δούλ(ι)ι’
1536 2462 1604 2489 τῶν
1621 2457 1774 2500 πρώτως
1800 2457 1977 2489 εἰσιόντων

206 2524 254 2560 εἷς
283 2523 344 2566 τὴν
370 2523 484 2555 οἰκίαν
506 2534 512 2539 ·
537 2534 542 2539 ·
566 2533 572 2539 ·
594 2520 653 2553 καὶ
681 2525 740 2553 τοῦ
770 2520 924 2562 ιἰνμηίὀι·
956 2518 1051 2561 παρὰ
1079 2518 1141 2561 τὴν
1174 2518 1288 2551 ἑστίαι*
1320 2517 1521 2560 τραγήματα
1555 2516 1722 2559 κατέχεον
1754 2516 1802 2552 εἷς
1833 2520 1978 2557 σημεῖον

206 2582 399 2625 εὐετηρίας,
419 2581 467 2617 ὡς
487 2580 544 2613 καὶ
568 2580 750 2622 Θεόπομός
770 2591 880 2622 φησιν
897 2578 934 2611 ἐν
948 2578 1155 2621 ίΗδυχάρει.
1175 2578 1262 2620 φέρε
1281 2576 1322 2609 στ’·
1349 2576 1388 2609 τὰ
1407 2577 1657 2619 καταχύσματα
1682 2575 1815 2618 ταχέως
1834 2574 1976 2616 κατάχει

207 2646 267 2673 τοῖ’
294 2641 450 2683 νυμφίον
479 2639 536 2672 κατ’
565 2644 623 2681 τῆς
651 2640 762 2680 κόρης
791 2651 903 2684 quem
930 2650 1073 2673 morem
1101 2636 1300 2673 confirmat
1328 2637 1418 2671 Hes.
1445 2649 1471 2671 S.
1499 2649 1532 2671 V.
1561 2635 1822 2677 καταχύσματα.

328 2700 357 2743 ⁴2)
373 2699 576 2735 Bluemner
591 2697 740 2742 („Uber
754 2710 805 2743 gr.
823 2696 1159 2742 Hochzeitsgebr.‘'
1176 2695 1220 2732 cf.
1234 2709 1269 2741 p.
1282 2697 1303 2731 9
1315 2702 1394 2731 not.
1412 2696 1445 2739 l)
1460 2698 1500 2730 in
1515 2694 1588 2730 hoc
1604 2699 1783 2730 contextu
1799 2691 1979 2727 admonet

209 2759 255 2795 de
282 2757 389 2794 verbi
415 2763 526 2790 σῦκον
557 2755 835 2802 significatione
868 2755 1060 2792 obscoena
1093 2754 1154 2800 (cf.
1183 2754 1436 2800 hymenaeum
1470 2756 1535 2798 qui
1569 2752 1653 2788 finit
1678 2754 1790 2787 Arist.
1821 2752 1977 2794 Pacem).

331 2817 358 2861 3)
386 2818 519 2862 Figura
556 2819 704 2851 sinistra
744 2814 792 2850 ad
826 2815 971 2851 laevam
1004 2820 1152 2850 vertens
1185 2813 1300 2860 pedes
1333 2813 1435 2849 illius
1466 2811 1656 2848 simillima
1688 2810 1849 2846 feminae
1883 2822 1978 2855 quae

210 2875 298 2912 foco
326 2875 457 2916 adstat,
490 2875 616 2911 solum
646 2880 769 2920 potest
796 2887 872 2910 esse
899 2877 1015 2909 tutrix
1043 2873 1181 2909 domus
1209 2878 1402 2918 paternae;
1436 2870 1480 2907 cf.
1510 2870 1617 2906 Phot.
1644 2869 1715 2905 lex,
1742 2882 1768 2904 s.
1796 2882 1829 2904 v.
1858 2870 1978 2910 ζεῦγος

211 2936 259 2980 (p.
284 2935 353 2978 13).
397 2936 529 2979 Figura
556 2946 652 2979 quae
680 2932 764 2969 finit
790 2936 974 2979 picturam
1000 2946 1020 2968 a
1047 2932 1177 2968 dextra
1204 2938 1258 2967 est
1283 2931 1494 2975 yuffuooro'slog
1523 2941 1747 2975 praeparans
1772 2927 1979 2963 thalamum

211 3007 323 3039 quem
342 2992 485 3028 indicat
502 2992 706 3035 κορυῦάλη;
733 2992 778 3028 cf,
800 2994 916 3037 Etym.
937 3005 983 3028 m,
1003 2993 1067 3027 531
1091 2992 1135 3026 54
1152 3004 1178 3026 s,
1199 3004 1250 3026 v.:
1279 2990 1298 3033 ἦ
1325 2989 1393 3031 ,τρὸ
1421 2994 1489 3021 τῶν
1519 2990 1642 3030 θυρῶν
1668 2987 1785 3029 ὁάᾳνη
1814 2985 1955 3027 τιθεμέν

212 3054 275 3095 (ὅτι
302 3053 338 3085 οἱ
360 3051 484 3084 κλάδοι
511 3052 572 3088 οὓς
598 3052 729 3093 κόρους
756 3052 900 3084 καλοῦσι
930 3051 1143 3093 θάλλουσιιζ).

332 3111 360 3154 4)
388 3110 446 3146 Cf.
475 3113 585 3145 etiam
611 3110 825 3151 Vtirtheim,
853 3109 1146 3155 Amphidromia
1173 3110 1440 3153 (Mnemosyne
1473 3107 1560 3141 1906
1587 3118 1621 3150 p.
1649 3106 1691 3140 73
1718 3104 1826 3150 sqq).
