2154 3403
187 274 354 325 πρώτας
400 277 593 325 γυναῖκας
637 271 889 323 ἁρπάσαντες
932 269 1064 312 οὕτως
1107 267 1463 320 εἰσήιέγκαν“··ἢ
1509 265 1717 317 σι’ῃιιβολόν
1761 265 1836 304 ἔστι
1881 268 1950 303 τοῦ

187 344 287 396 μηδ’
322 344 465 390 ἐξιέναι
493 343 538 382 δι’
564 343 688 395 αὐτῆς
712 341 818 394 μηδὲ
856 340 1084 380 καταλιπεῖν
1115 338 1185 391 τὴν
1218 338 1348 377 οἰκίαν
1379 337 1414 376 εἰ
1441 336 1497 388 μὴ
1531 337 1730 388 βιασθείη,
1762 335 1953 386 καθάπερ

188 414 256 454 καὶ
287 414 448 467 εἰσῆλθε
477 414 701 467 βιασθεῖσα.
756 413 965 468 Quarum
995 408 1352 465 explicationum
1382 405 1516 450 altera
1540 404 1790 449 secundum
1815 421 1950 461 quam

187 485 395 528 resistens
448 484 578 540 virgo
632 483 762 540 quasi
810 482 853 526 vi
903 480 1093 524 domum
1147 478 1392 528 inducitur,
1442 494 1496 521 ne
1546 484 1702 533 postea
1751 475 1952 532 effugiat,

188 555 339 598 minus
372 555 483 598 mihi
516 553 697 598 videtur
720 550 972 610 probabilis
997 568 1103 594 esse.
1156 549 1410 599 Habemus,
1445 549 1537 592 sive
1565 547 1685 590 hunc
1710 547 1802 591 sive
1826 546 1953 590 illum

189 626 235 669 in
283 625 476 670 modum
524 626 870 682 interpretamur
917 638 1135 672 scaenam,
1184 621 1366 677 rapinae
1414 618 1743 668 rudimentum
1793 635 1814 661 e
1863 636 1952 675 qua

190 696 407 753 plurimas
451 696 752 740 recentiorum
798 704 1056 751 temporum
1105 690 1460 736 consuetudines
1507 689 1691 733 duxisse
1734 689 1953 745 originem

189 775 304 812 recte
337 767 554 812 admonet
578 768 765 816 Samter;
801 764 854 809 cf.
881 771 930 808 ut
957 762 1178 808 nonnulla
1203 762 1386 807 afferam
1417 760 1635 817 exempla,
1670 759 1954 810 velationem,

190 855 370 882 cursum
405 839 670 882 citissimum
694 838 739 881 in
773 835 1121 893 amphidromiis
1157 836 1382 879 usitatum.
1435 833 1635 889 Rapinae
1659 831 1730 876 vel
1755 832 1955 876 Graecos

190 910 315 965 ipsos
350 909 489 954 fuisse
523 925 743 953 memores
778 906 908 951 multi
951 906 1264 950 demonstrant
1303 904 1507 961 mythi¹),
1542 921 1740 961 quorum
1776 910 1840 946 est
1874 901 1956 946 cla-

190 982 392 1025 rissimus
426 981 732 1037 sescentisque
766 985 1122 1035 repraesentatus
1161 975 1470 1021 monumentis
1507 974 1624 1018 Pelei
1659 981 1701 1018 et
1733 972 1954 1017 Thetidis.

192 1052 380 1110 Quibus
428 1051 596 1107 mythis
644 1051 776 1108 quasi
829 1048 1054 1106 refulgent
1101 1049 1444 1092 veterrimorum
1497 1054 1756 1102 temporum
1808 1061 1956 1088 mores

192 1123 646 1179 consuetudinesque
680 1120 802 1178 apud
840 1122 1098 1164 Homerum
1133 1120 1212 1177 qui
1244 1120 1331 1163 iam
1366 1119 1410 1162 in
1446 1135 1530 1162 usu
1557 1134 1653 1161 esse
1673 1116 1954 1160 destiterunt.

194 1194 350 1240 Solum
387 1193 590 1238 Helenae
625 1200 779 1250 raptus
812 1209 896 1236 nos
935 1193 981 1235 in
1022 1190 1143 1235 illam
1184 1189 1359 1234 reducit
1397 1196 1599 1239 aetatem,
1647 1205 1748 1231 curn
1782 1188 1827 1231 in
1861 1186 1957 1231 aliis

192 1266 439 1310 carminum
463 1263 668 1321 partibus
702 1280 819 1321 quae
852 1263 931 1307 has
965 1280 1032 1306 res
1064 1269 1258 1319 tangunt
1290 1260 1425 1305 nobis
1449 1266 1653 1304 occurrat
1675 1258 1838 1303 cultior
1859 1275 1958 1302 mos

192 1354 386 1394 sponsae
420 1335 651 1380 emendae.
716 1334 937 1391 Terzaghi
971 1335 1108 1391 igitur
1141 1350 1242 1377 curn
1277 1331 1434 1376 libello
1468 1332 1549 1388 qui
1572 1330 1832 1374 inscribitur
1866 1330 1959 1380 „Di

193 1425 282 1452 una
315 1407 737 1464 rappresentazione
772 1405 888 1450 della
932 1404 1042 1449 lotta
1081 1412 1145 1448 tra
1181 1402 1315 1448 Peleo
1350 1420 1371 1446 e
1405 1401 1611 1453 Tetide“,
1646 1402 1797 1445 Pescia
1834 1402 1958 1451 1904,

191 1479 433 1523 hominum
466 1478 728 1534 nuptiarum
762 1478 872 1521 ritus
907 1477 986 1534 qui
1021 1477 1202 1532 rapinae
1242 1474 1413 1518 habent
1451 1473 1642 1518 formam
1683 1472 1757 1516 illa
1797 1472 1958 1516 imitari

192 1549 429 1595 contendit
461 1549 706 1606 specimina
741 1548 845 1593 diva
879 1547 935 1592 ad
977 1564 1120 1604 eaque
1161 1563 1255 1590 esse
1288 1545 1434 1598 fictos,
1468 1562 1559 1589 rem
1600 1545 1730 1601 quasi
1764 1543 1957 1587 invertit.

194 1622 391 1677 Dionys.
445 1619 590 1664 Halic.
638 1621 678 1663 II
726 1620 782 1663 30
827 1618 953 1663 claris
1000 1618 1149 1663 verbis
1195 1635 1249 1661 ex
1298 1616 1626 1674 antiquissimis
1674 1614 1959 1671 temporibus

192 1700 371 1750 raptum
406 1693 687 1737 Graecorum
732 1690 871 1734 fuisse
914 1689 1050 1734 tradit
1096 1690 1353 1743 (Ἑλληνικόν
1396 1705 1435 1729 τε
1478 1689 1545 1729 καὶ
1585 1689 1787 1740 ἀρχαῖον),
1823 1702 1959 1742 quem

193 1781 364 1808 morem
419 1762 543 1820 apud
593 1761 977 1806 Lacedaemonios
1026 1760 1096 1805 vel
1144 1758 1430 1816 temporibus
1478 1758 1688 1803 floruisse
1736 1756 1960 1801 historicis

194 1835 411 1879 discimus
445 1851 467 1877 e
502 1833 617 1877 Plut.
655 1835 756 1889 Lyc.
795 1834 864 1877 15:
900 1834 1081 1886 ἐγάμουν
1114 1833 1157 1873 δὲ
1191 1833 1234 1872 ὁὶ
1271 1833 1460 1884 ἁρπαγῆς
1492 1831 1617 1884 nri-³),

312 1907 335 1961 §
354 1907 393 1949 7.
428 1904 586 1949 Alium
606 1921 777 1948 morem
796 1903 1069 1960 singularem
1089 1902 1274 1959 praebet
1291 1909 1454 1946 cratera
1469 1900 1627 1958 figuris
1644 1899 1790 1945 rubris
1806 1906 1960 1943 ornata

194 1977 360 2023 saeculi
382 1978 429 2020 V
448 1993 564 2033 quae
598 1976 830 2032 Tanagrae
864 1982 1036 2031 reperta
1070 1991 1189 2017 nunc
1214 1980 1414 2018 servatur
1438 1973 1483 2016 in
1506 1989 1666 2016 museo
1691 1970 1961 2015 Atheniensi

194 2047 659 2104 (Collignon-Couve
672 2064 714 2090 n.
736 2047 865 2096 l34l;
891 2044 1064 2102 publici
1080 2046 1188 2089 iuris
1207 2044 1318 2089 facta
1335 2052 1400 2089 est
1415 2061 1437 2087 a
1455 2043 1712 2087 Perdrizeto
1730 2068 1771 2073 -
1790 2045 1852 2096 ἐφ.
1872 2044 1960 2095 (Ξρχ.

199 2121 312 2164 1905
334 2119 424 2163 tab.
449 2119 524 2172 6l7
549 2143 590 2148 —
620 2116 790 2162 vasculi
824 2116 1014 2161 formam
1049 2116 1235 2174 praebet
1269 2117 1439 2160 Samter
1471 2116 1517 2159 in
1550 2114 1668 2159 libro
1702 2131 1836 2170 supra
1869 2112 1962 2157 lau-

195 2190 304 2235 dato
338 2197 381 2234 et
413 2188 855 2246 Collignon-Couve
887 2187 978 2232 tab.
1018 2189 1111 2243 25).
1181 2188 1355 2232 Aversa
1394 2176 1564 2231 vasculi
1605 2185 1738 2230 facies
1780 2183 1963 2241 praebet

195 2278 413 2319 pompam
446 2259 695 2317 nuptialem
730 2267 956 2315 petentem
990 2276 1110 2303 aram
1143 2259 1213 2303 vel
1238 2258 1393 2302 focum
1416 2259 1460 2302 in
1492 2275 1588 2314 quo
1613 2256 1739 2300 ardet
1760 2256 1960 2305 flamma;

195 2333 376 2377 initium
394 2331 500 2376 facit
523 2331 689 2375 femina
711 2330 824 2375 duas
849 2338 1027 2387 gestans
1053 2329 1170 2374 faces
1194 2331 1240 2374 in
1266 2346 1462 2386 sponsos
1484 2328 1812 2384 retrospiciens,
1837 2325 1961 2370 haud

196 2403 337 2448 dubie
361 2411 512 2453 mater,
547 2409 802 2460 sequuntur
826 2402 997 2459 sponsi,
1031 2409 1138 2458 post
1160 2418 1238 2445 eos
1260 2401 1328 2445 vir
1352 2408 1394 2444 et
1416 2400 1597 2450 femina,
1622 2397 1962 2456 paranymphus

197 2482 239 2519 et
279 2473 612 2531 nympheutria.
688 2474 974 2530 Superiorem
1024 2480 1194 2529 partem
1243 2479 1330 2516 tres
1379 2471 1590 2516 obtinent
1635 2470 1717 2515 viri
1764 2485 1962 2526 quorum

197 2563 316 2590 unus
349 2546 453 2589 iacit
485 2544 685 2589 calceum
720 2544 852 2599 (alter
883 2543 1012 2588 humi
1035 2544 1180 2597 iacet).
1231 2542 1439 2587 Tibicina
1464 2550 1506 2586 et
1529 2559 1641 2599 puer
1664 2540 1781 2584 faces
1805 2556 1962 2596 gerens

197 2615 382 2673 explent
413 2615 610 2666 lacunas,
643 2615 768 2660 haud
792 2616 942 2659 minus
966 2614 1080 2659 lauri
1102 2613 1263 2658 ramuli
1288 2614 1367 2671 qui
1392 2614 1559 2670 passim
1582 2613 1734 2656 inserti
1758 2627 1963 2655 scaenam

197 2687 308 2732 foris
350 2687 421 2744 agi
464 2685 598 2730 simul
641 2686 966 2730 demonstrant.
1041 2688 1093 2730 In
1142 2702 1294 2730 aversa
1343 2683 1513 2729 vasculi
1562 2691 1684 2740 parte
1733 2683 1850 2739 picta
1899 2688 1964 2724 est

198 2757 433 2816 quadriga.
488 2773 605 2813 quae
639 2774 693 2801 ex
733 2756 830 2801 aliis
870 2756 1162 2801 deductionis
1201 2754 1692 2813 repraesentationibus
1745 2760 1810 2797 est
1856 2759 1963 2796 nota

320 2887 347 2931 ¹)
373 2885 492 2922 Velut
518 2887 656 2922 Boreas
683 2889 779 2932 rapit
804 2885 1031 2931 Orithyiam,
1059 2887 1234 2922 Castores
1261 2887 1439 2930 Leucippi
1466 2887 1560 2929 regis
1588 2883 1692 2919 filias.

319 2946 347 2989 2)
376 2947 419 2980 In
447 2946 606 2980 Boeotia
633 2948 747 2980 moris
774 2951 851 2981 erat
877 2958 1006 2981 currus
1034 2958 1112 2990 quo
1146 2944 1406 2980 deducebatur
1432 2956 1570 2989 sponsa
1599 2942 1818 2978 comburere
1847 2954 1963 2980 axem,

198 3011 240 3041 ut
266 3008 373 3051 quasi
400 3003 646 3049 impediretur
672 3003 777 3049 fuga;
804 3003 848 3040 cf.
869 3004 963 3040 Plut.
984 3005 1139 3048 Quaest.
1160 3005 1267 3040 Rom.
1296 3017 1312 3039 c
1340 3005 1384 3038 29
1404 3016 1437 3048 p.
1458 3001 1577 3038 271d:
1606 3001 1664 3034 καί
1691 3000 1754 3043 γὰρ
1773 2999 1851 3041 παρ’
1883 2999 1964 3042 ἡμῖν

198 3064 234 3096 ἐν
261 3064 416 3105 Βοιωτίᾳ
443 3063 581 3095 καίουσι
608 3062 677 3104 πρὸ
704 3068 762 3105 γῆς
792 3063 903 3105 θύρας
931 3062 988 3095 τὸν
1015 3063 1122 3102 ἄξονα
1150 3068 1209 3105 τῆς
1237 3062 1374 3104 ἁμάξης
1402 3062 1630 3104 ,ι’-μιμιιίὌντΡς
1650 3061 1722 3091 ‹³›er
1742 3059 1802 3102 risi·
1822 3059 1964 3100 νιῆιιιρμ·

198 3122 359 3165 &quai-811*
385 3122 433 3159 (ὃς
461 3122 685 3164 ἀνῃρημένοι*
714 3126 772 3154 τοῦ
800 3121 1005 3161 ἀπάξοντος.
